Date,Equity Share Capital,Reserves,Borrowings,Other Liabilities,Net Block,Capital Work in Progress,Investments,Other Assets,Receivables,Inventory,Cash & Bank,No. of Equity Shares,Face value,Sales,Raw Material Cost,Change in Inventory,Power and Fuel,Other Mfr. Exp,Employee Cost,Selling and admin,Other Expenses,Other Income,Depreciation,Interest,Profit before tax,Tax,Net profit,Dividend Amount,Cash from Operating Activity,Cash from Investing Activity,Cash from Financing Activity,Net Cash Flow,PRICE:,Adjusted Equity Shares in Cr,EBITDA,EBIT,Market Cap,EV,EV/EBITDA,EV/Sales,EPS,BV,P/E,P/B,P/S,EPS/P,Operating Cashflow Per Share,Price/Cashflow,ROE,ROA,ROCE,Net Profit Margin,EBITDA Margin,Operating Margin,Interest_Cov_Rat,Debt_to_Equity,Debt_Service_Coverage,FixAsset_Turn_Rat,Acc_Rec_Rat,COGS,Inv_Turn_Rat,CFO/Sales,CFO/Total Debt,Yearly_Sales_Growth,Sales_3yr_cagr,Sales_5yr_cagr,Yearly_Profit_Growth,Profit_3yr_cagr,Profit_5yr_cagr,Yearly_EBITDA_Growth,EBIITDA_3yr_cagr,EBITDA_5yr_cagr,Yearly_EBIT_Growth,EBIT_3yr_cagr,EBIT_5yr_cagr,Yearly_EPS_Growth,EPS_3yr_cagr,EPS_5yr_cagr,ROE_5yr_cagr,ROE_3yr_cagr,Yearly_ROE_Growth,Comp_Name
2014-12-31,96.42,2740.79,19.57,2962.72,3176.64,244.78,811.82,1586.26,99.1,844.1,445.82,96415716.0,10.0,9854.84,3833.24,67.43,384.33,955.26,837.05,1680.48,192.66,86.87,337.54,14.23,1774.35,589.66,1184.69,607.45,1644.02,-431.7,-1635.28,-422.96,638.49,96.42,2126.12,1788.58,6156.047050884001,5729.797050884001,2.6949546831241893,0.581419591884191,12.286766231072392,124.84553412155154,51.96566679890942,5.1142398043518025,0.0647894841519497,0.019243474809429107,17.050611906243518,37.44674991788421,0.41755456945379443,0.17012266397079728,0.6260825124790848,0.12021402681322071,0.21574373607283323,0.18149254579475668,125.69079409697821,0.006897621254683298,62.902958579881656,3.102284174473658,99.44339051463169,5105.4,6.048335505271886,0.16682361154519,84.00715380684721,,,,,,,,,,,,,,,,,,,NESTLEIND
2014-12-31,133.77,120.28,2031.28,586.51,1733.13,16.87,522.57,599.27,34.75,213.87,3.29,133766165.0,10.0,2018.81,1169.38,-0.72,91.49,75.71,147.25,198.6,13.19,42.05,152.04,157.73,54.75,19.35,35.4,0.0,378.49,-500.42,116.22,-5.71,,90.3,364.52,212.48,,,,,0.3920265780730897,135.10200442967886,,,,,4.191472868217055,,0.1393426490848258,0.011394067360181274,0.09297563152805065,0.017535082548630135,0.18056181611939706,0.10525012259697544,1.3471121536803399,7.995591419012005,0.16652276599924168,1.1648347209961167,58.09525179856115,1337.3000000000002,6.252863889278534,0.18748173428901185,0.18633078649915324,,,,,,,,,,,,,,,,,,,VBL
2015-03-31,23.99,1215.2,0.97,1221.83,525.94,48.22,661.04,1226.79,70.98,345.74,186.67,119925800.0,2.0,7175.99,4342.32,25.48,67.42,650.55,190.65,993.19,179.76,223.51,117.27,1.21,882.61,260.2,622.41,191.92,515.33,-384.29,-168.11,-37.07,1079.28,23.99,1001.09,883.82,12943.3517424,12757.6517424,12.743761042863278,1.7778246266229467,25.944560233430597,74.64443934972905,41.59947173085265,14.458947101783243,0.1504015473823124,0.02403876680141446,21.481033764068364,50.243392001241915,0.5022716451875822,0.20629002107942568,0.7126661075990195,0.08673507070104612,0.13950548983485206,0.1231634938175778,730.4297520661157,0.0007827693896819696,459.21559633027533,13.644122903753278,101.09876021414482,5034.81,14.562416845028057,0.07181308781088046,531.2680412371135,,,,,,,,,,,,,,,,,,,BRITANNIA
2015-03-31,22.7,1189.46,24.03,319.68,423.95,24.97,501.73,605.22,56.0,118.45,326.09,226967619.0,1.0,1903.96,731.19,-13.02,12.02,19.68,149.54,575.25,-107.44,102.66,31.48,4.9,576.98,105.35,471.63,158.9,496.62,-217.08,-220.74,58.81,500.6,45.39,613.36,581.88,11361.99900714,11059.939007140001,18.03172526271684,5.808913531345197,10.390614672835426,48.90533157083058,48.17809299662872,10.236102770818983,0.26292569171621255,0.02075632175955938,10.941176470588236,45.75376344086022,0.38908229936642025,0.2321653605324302,0.4707043415656169,0.24771003592512447,0.3221496249921217,0.30561566419462594,118.75102040816326,0.019824115628299895,21.20152091254753,4.491001297322797,33.99928571428571,775.91,6.55052764879696,0.2608353116662115,20.666666666666664,,,,,,,,,,,,,,,,,,,EMAMILTD
2015-03-31,61.84,2439.81,477.5,676.53,193.34,11.27,2231.86,1219.21,93.62,819.27,21.01,618398570.0,1.0,2884.52,1712.08,27.99,27.84,234.34,161.92,365.86,93.39,86.1,19.94,34.19,349.05,60.05,289.0,139.14,50.22,128.53,-166.08,12.67,148.8,61.84,403.18,383.24,9201.7707216,9658.2607216,23.955207901185574,3.348307767531513,4.673350582147477,101.29358990944372,31.840110726643605,1.4689972004450325,0.05158570576733738,0.03140692595529218,0.8120957309184993,183.22962962962967,0.11552375432214738,0.06312372906159695,0.12864071966836177,0.10018997961532594,0.13977368851663363,0.1328609266013063,11.209125475285171,0.1908740231447245,0.7879380093415935,14.91941657184235,30.810937833796196,1946.2699999999998,2.3756148766584886,0.017410175696476363,0.10517277486910995,,,,,,,,,,,,,,,,,,,TATACONSUM
2015-03-31,175.65,2160.54,129.13,1223.04,682.52,12.22,1778.17,1215.45,338.79,550.6,123.94,1756511990.0,1.0,5419.77,2159.87,32.25,50.61,756.18,393.6,937.68,213.95,112.26,65.97,9.89,976.53,213.95,762.58,351.3,839.2,-612.96,-336.75,-110.51,265.55,175.65,1052.3899999999999,986.42,46644.17589445,46649.36589445,44.327070662444534,8.607259329168949,4.341474523199545,187.9502561912895,61.16585472999554,1.4128738389679665,0.048996544133791654,0.016348990861229692,4.777682892115002,55.58133639180171,0.32642036820635306,0.16261539150479692,0.4001184430418769,0.14070338778213834,0.19417613662572394,0.18200403338149035,99.7391304347826,0.05527375769950218,7.570061861602647,7.940822246967123,15.997432037545382,2934.41,5.329476934253541,0.15484051906261703,6.498877100596299,,,,,,,,,,,,,,,,,,,DABUR
2015-03-31,145.33,1796.75,5323.8,1752.07,1069.41,64.55,551.07,7332.92,1745.48,1554.24,239.69,145327743.0,10.0,7968.31,4789.26,20.5,28.63,98.75,619.29,1883.72,82.91,-1711.69,109.74,592.96,-1928.14,28.34,-1956.47,0.0,96.53,-109.04,-199.84,-212.35,731.46,72.66,-1225.44,-1335.18,10630.143089478,15714.253089478001,-12.82335576566621,1.972093591925766,-26.926369391687313,170.0581860721167,-27.165192208416176,4.301233694741453,0.09179612740970168,-0.03681181389506919,1.3285163776493256,550.5841044234953,-1.0074095814796507,-0.15660768073796047,-0.1837602602850584,-0.2455313611041739,-0.15378919745843223,-0.1675612520095227,-2.2517201834862384,2.7412876915472073,-0.20711335257810018,7.451127257085682,4.565111029630818,4896.14,3.1501827259625284,0.012114237523389526,0.018131785566700476,,,,,,,,,,,,,,,,,,,MCDOWELL-N
2015-03-31,34.04,3349.01,260.98,1278.05,1060.19,178.83,2300.21,1382.85,142.94,489.51,495.36,340446901.0,1.0,4429.8,2007.89,-5.05,98.16,170.76,259.3,1010.28,36.33,65.48,41.67,38.65,827.19,172.74,654.45,187.22,782.66,-453.83,-309.36,19.47,346.99,102.14,907.51,865.84,11813.167017799,11578.787017798999,12.758853365581645,2.6138396807528554,6.407382024672019,66.82842764832583,54.154723202689276,5.1922514446394095,0.07833085015124837,0.018465610031044178,7.662619933424711,45.28346740602561,0.19344969775794033,0.11147050106795027,0.2376050691130424,0.14773804686441827,0.20486477944828207,0.195458034222764,22.402069857697285,0.07714340609804762,3.028768814871675,4.178307661834199,30.9906254372464,2281.8600000000006,4.661518661518663,0.17668066278387284,2.9989271208521724,,,,,,,,,,,,,,,,,,,GODREJCP
2015-03-31,26.61,802.68,849.26,410.65,572.74,0.8,98.06,1417.6,477.81,215.27,10.33,133038765.0,2.0,1399.91,470.87,-7.34,29.19,290.45,119.64,337.05,-34.2,36.31,38.32,90.44,87.12,19.49,67.64,10.64,250.39,-82.92,-172.42,-4.96,89.55,13.3,215.88,177.56,1191.362140575,2030.292140575,9.404725498309247,1.450301905533213,5.085714285714285,86.96187969924812,17.60814606741573,1.0297615496548915,0.06396839796844082,0.05679189598787589,18.826315789473682,4.756639642158233,0.08156374730190886,0.024228009785766228,0.10578177593756516,0.04831739183233208,0.1542099134944389,0.12683672521804973,1.9632905793896507,1.024080840236829,0.22973289347664147,2.4442329852987394,2.9298465917414873,797.85,3.7062758396432387,0.1788614982391725,0.29483314885900663,,,,,,,,,,,,,,,,,,,RADICO
2015-03-31,26.44,1823.19,836.32,1194.68,1810.84,90.16,25.47,1954.16,964.28,558.38,10.76,264405149.0,1.0,4692.29,753.38,15.65,141.92,1300.03,297.37,1461.81,132.26,37.18,207.39,72.99,377.97,118.44,259.53,26.44,838.65,-327.22,-571.81,-60.38,1000.3,26.44,658.35,450.96000000000004,26448.447054469998,27274.00705447,41.4278226695071,5.8125152227313315,9.815809379727684,95.39574886535551,101.90703194235735,10.485792206651201,0.21317949231611857,0.009812865520071663,31.718986384266262,31.536316699457462,0.14031454939636573,0.04874818976349999,0.1678959027532158,0.05530988067659927,0.14030462737810323,0.09610659187731364,6.178380600082204,0.4521552959240497,0.7240105134662546,2.5912228579002012,4.86610735471025,2179.68,3.903578208388552,0.17872936242218618,1.0027860149225176,,,,,,,,,,,,,,,,,,,UBL
2015-03-31,216.35,3508.43,,9909.28,2457.53,479.01,3277.93,7419.59,782.94,2602.68,2537.56,2163464851.0,1.0,30805.62,13133.89,-58.28,304.62,3042.54,1578.89,6581.62,900.33,1285.48,286.69,16.82,6187.42,1872.16,4315.26,3245.25,3271.9,279.9,-3450.44,101.36,873.55,216.35,6490.929999999999,6204.24,188989.47205910497,186451.91205910497,28.724991959411824,6.052529118359084,19.945736075803097,232.566454818581,43.79632803121944,3.756130696842902,0.028356838784611378,0.0228329644276837,15.12318003235498,57.76232235092759,1.1585274835023815,0.2261876494832068,1.6656661601490559,0.14008028405206582,0.21070603350947,0.2013996147456211,368.8608799048751,0.0,385.9054696789536,12.535195908086573,39.346080159399186,16539.329999999998,6.354730508552723,0.10621113939599333,inf,,,,,,,,,,,,,,,,,,,HINDUNILVR
2015-03-31,13.6,756.72,,931.57,781.58,141.18,37.13,742.0,69.64,252.23,254.45,135992817.0,1.0,3981.94,1484.07,16.35,32.68,140.01,259.52,1163.0,96.07,32.47,75.02,,780.39,221.41,558.98,326.4,638.15,-271.63,-384.79,-18.27,1007.15,27.2,855.41,780.39,13696.516564155001,13442.066564155,15.714179825060498,3.3757581892632738,20.550735294117647,41.42058823529412,49.00797881856238,24.315202726691755,0.2529294765867893,0.020404840683232534,23.46139705882353,42.927963644911074,0.7256464845778378,0.26156862561592487,1.013072489355073,0.14037881032863378,0.2148224232409328,0.19598236035701191,inf,0.0,inf,5.094731185547225,57.17892016082711,1640.41,6.503627641438371,0.16026107877064946,inf,,,,,,,,,,,,,,,,,,,COLPAL
2015-03-31,801.55,29934.14,53.02,13406.95,14178.49,2114.14,8405.46,19497.57,1722.4,7836.76,7588.61,8015519541.0,1.0,36489.96,14886.49,214.53,581.65,1468.19,1780.04,3536.73,931.92,1518.24,961.74,78.45,13997.52,4389.79,9607.73,5009.69,9308.87,-4820.03,-4573.61,-84.77,217.23,1202.33,15037.710000000001,14075.970000000001,174121.13098914298,166585.540989143,11.077853010142034,4.565243178922175,7.990925952109654,826.4467754277111,27.18458427745159,0.2628481427464907,0.005953144371766919,0.036785554260966045,7.742358587076761,28.057341642970623,0.3125919736957264,0.16221247967010916,0.4571795960272451,0.26329790440987055,0.4121054120092212,0.3857491211281131,179.4260038240918,0.0017250304125269356,114.38130371947973,2.573613974407712,21.185531816070597,16721.8,2.1337644638855853,0.25510770633894914,175.57280271595624,,,,,,,,,,,,,,,,,,,ITC
2015-03-31,64.5,2278.39,271.13,617.04,481.56,2.07,1335.04,1412.39,130.55,791.59,96.97,644981999.0,1.0,4681.2,2398.86,94.87,29.11,612.14,198.46,845.21,16.77,127.24,54.75,16.97,731.04,185.87,545.17,161.25,552.05,59.58,-612.15,-0.52,192.88,129.0,802.76,748.01,12440.412796712,12614.572796712,15.714002686621157,2.6947305811996927,4.2261240310077515,82.16193798449612,45.639928829539414,2.3475590368425374,0.041203110313594804,0.021910638899874282,4.279457364341085,45.07113486097274,0.23269124884224185,0.12833266636849414,0.28615312813214894,0.11645945484063915,0.1714859437751004,0.15979022472870205,44.07837360047142,0.11572459654529235,2.786393613328705,9.720907052080737,35.85752585216392,2945.2400000000002,3.7206634747786103,0.11792916346236007,2.0361081400066388,,,,,,,,,,,,,,,,,,,MARICO
2015-06-30,32.46,1196.22,,719.0,308.79,38.98,,1599.91,113.94,119.07,618.58,32460736.0,10.0,2333.79,922.16,1.24,12.18,72.58,113.67,703.42,15.53,63.57,52.53,5.72,500.81,154.67,346.14,98.19,425.57,28.37,-105.29,348.65,6835.0,3.25,559.0600000000001,506.53000000000003,22186.913056,21568.333056,38.579639137123024,9.241762564755184,106.50461538461538,400.5276923076923,64.17562258045878,17.064987343619762,2.9287125234061335,0.015582240729278036,130.9446153846154,52.1976408111474,0.28171696454731904,0.1253998674052364,0.41225542859003156,0.14831668659133854,0.23955025944922212,0.21704180753195448,88.55419580419581,0.0,97.73776223776225,7.55785485281259,20.4826224328594,1005.68,8.446124128663811,0.1823514540725601,inf,,,,,,,,,,,,,,,,,,,PGHH
2015-12-31,133.77,276.66,1754.05,1977.05,2916.19,32.03,303.93,889.38,50.05,350.79,19.58,133766165.0,10.0,2864.0,1519.43,31.84,109.4,109.39,245.9,315.89,15.9,41.36,262.62,139.71,218.96,67.31,151.65,0.0,510.23,-360.2,-134.35,15.68,,90.3,621.29,358.67,,,,,1.6794019933554818,136.83378737541528,,,,,5.650387596899225,,0.3694905343176668,0.03347741240463408,0.16570723684210528,0.05295041899441341,0.2169308659217877,0.12523393854748605,2.5672464390523224,4.273688570523596,0.3280721949983102,0.9821033608921229,57.222777222777225,1706.3800000000003,4.86439180136264,0.17815293296089385,0.2908868048231236,0.41865752596826855,,,3.2838983050847457,,,0.7044057939207724,,,0.6880176957831328,,,3.2838983050847457,,,,,1.6516686509435954,VBL
2015-12-31,96.42,2721.42,17.73,3250.76,2897.85,230.79,1324.92,1632.77,78.42,820.81,499.55,96415716.0,10.0,8175.31,2908.6,-11.97,221.99,718.95,912.75,1615.41,230.71,-390.75,347.26,3.29,813.63,250.36,563.27,467.64,1098.1,-70.48,-498.32,529.3,582.8,96.42,1164.1799999999998,816.92,5619.10792848,5137.287928479999,4.412795210774966,0.6283905966232471,5.841837792989006,124.64464219041693,99.76312603192075,4.675692350335195,0.07128781660878913,0.010023743639308521,11.388716034017838,51.17345961205719,0.19989424523748686,0.07764614739906703,0.2880972785013242,0.06889891637136696,0.1424019394983187,0.09992526277291013,248.30395136778114,0.0062920534877778725,55.384395813510935,2.8211639663888746,104.25031879622546,3861.5099999999998,4.704511397278298,0.13431906557671816,61.9345741680767,-0.17042691712904523,,,-0.5245422853235868,,,-0.45243918499426194,,,-0.5432577799147927,,,-0.5245422853235868,,,,,-0.5212739606730452,NESTLEIND
2016-03-31,216.0,6063.0,,7641.0,2914.0,386.0,2780.0,7840.0,1064.0,2528.0,2759.0,2163936971.0,1.0,31061.0,12847.0,-87.0,271.0,2822.0,1573.0,6500.0,1212.0,533.0,321.0,15.0,5946.0,1809.0,4137.0,3456.0,3974.0,-51.0,-4008.0,-85.0,869.5,216.39,6282.0,5961.0,188154.31962845,185395.31962845,29.512148937989494,5.968749223413606,19.118258699570223,244.018854845418,45.48008339376359,3.5632492437964034,0.027993303499565372,0.021987646577999106,18.364989139978743,47.34552214393558,0.6588628762541806,0.2080462660296706,0.9493549928332538,0.13318953027912817,0.20224719101123595,0.1919126879366408,397.4,0.0,418.8,10.659231297185999,29.19266917293233,16027.0,6.3397943037974684,0.12794179195776054,inf,0.008290045777361366,,,-0.04130921427677592,,,-0.0321879915512876,,,-0.039205446597810445,,,-0.041486429635290145,,,,,-0.43129283885234115,HINDUNILVR
2016-03-31,26.61,936.51,959.72,389.82,729.39,1.91,205.39,1375.97,610.93,275.77,12.7,133038765.0,2.0,1642.9,502.14,4.19,28.63,440.98,128.5,252.57,103.28,35.96,43.13,85.1,98.72,25.27,73.45,10.64,-39.03,83.5,-86.61,-42.14,95.35,13.3,226.95,183.82,1268.524624275,2215.5446242750004,9.762258754241024,1.3485572002404287,5.522556390977443,97.02428571428571,17.265554799183118,0.9827436429759854,0.05803761641000669,0.05791878752991551,-2.9345864661654133,-32.49180117858058,0.07626256333582523,0.022880550753080077,0.09559817769549207,0.04470752936879908,0.13813987461196664,0.11188751597784405,2.1600470035252646,0.9964698064623307,0.2172144484217377,2.2524301128340123,2.6891787929877404,967.56,3.50857598723574,-0.023756771562480978,-0.04066811153253032,0.17357544413569448,,,0.08589591957421638,,,0.051278488048916104,,,0.035255688218067016,,,0.08589591957421638,,,,,-0.06499436503893397,RADICO
2016-03-31,34.05,3749.84,2.75,1339.48,1284.09,13.22,2611.51,1217.3,276.94,555.88,156.28,340533823.0,1.0,4554.22,2042.77,48.24,97.25,183.93,331.37,886.85,62.47,49.98,44.91,54.67,948.22,225.55,722.67,195.79,512.1,-99.81,-541.58,-129.29,460.27,102.16,1047.8,1002.89,15673.750271220999,15520.220271220998,14.812197243005343,3.4078767102206298,7.073903680501174,70.75555990602976,65.06591279560519,6.505071836210231,0.10106450720430721,0.015369030526649953,5.012725137039938,91.82031478226907,0.19098599589311527,0.11843166175024582,0.26484957640546763,0.15868139879057225,0.23007232852167878,0.22021114482831305,18.344430217669654,0.0007267653129451437,18.247997213514452,3.546651714443692,16.444789485087025,2275.71,4.093887169892783,0.11244516075200583,186.21818181818182,0.028087046819269545,,,0.10424020169608061,,,0.15458782823329775,,,0.15828559549108379,,,0.10402402311313308,,,,,-0.01273562012956897,GODREJCP
2016-03-31,804.72,40851.71,42.29,8332.56,14010.97,2419.17,13324.53,20276.61,1686.35,8519.82,5639.2,8047206991.0,1.0,36582.67,13646.55,196.55,541.57,1503.48,2356.97,3883.04,1107.87,1766.94,1000.68,71.93,14434.07,5105.7,9328.37,6840.12,9211.92,-3710.9,-5465.1,35.92,218.83,1207.08,15506.68,14506.0,176097.030584053,170500.120584053,10.995269173288737,4.660680059275417,7.728046194121352,838.5634155151274,28.31634212622355,0.2609582005978323,0.005981794111802119,0.03531529586492415,7.631573715081022,28.674295521454813,0.2239358965710696,0.14700189796380192,0.34787638565404405,0.25499423634196194,0.4238804876735351,0.396526552053199,201.6682886139302,0.0010152094166494825,135.7615128699002,2.6110019506144115,21.69340291161384,15495.05,1.8187062637473561,0.2518110351158076,217.82738235989595,0.0025406988662086682,,,-0.02907658728960938,,,0.03118626439797012,,,0.030550647664068453,,,-0.032897283689495405,,,,,-0.2836159741291171,ITC
2016-03-31,24.0,1992.03,0.68,1083.26,641.79,74.5,921.33,1462.35,106.88,384.2,25.81,119975815.0,2.0,7731.7,4645.07,7.12,57.5,603.53,216.24,870.2,222.75,114.64,87.79,1.25,1149.13,385.82,763.31,240.0,878.03,-659.14,-228.3,-9.41,1343.25,24.0,1238.17,1150.38,16115.751349875,16090.621349875,12.995486362837898,2.0811233428450406,31.80458333333333,107.00125,42.23447878319425,12.55359166364879,0.17373281425818385,0.02367733730380296,36.584583333333335,36.71628532054713,0.3786203578319767,0.21548064002529388,0.5704241065894452,0.09872473065431922,0.16014201275269346,0.1487874594203086,920.3040000000001,0.00033729656800742056,641.5388601036269,12.04708705339753,72.34000748502994,5298.98,13.792243623112961,0.11356234721988696,1291.220588235294,0.07744018595343638,,,0.2263781108915346,,,0.23682186416805684,,,0.30159987327736415,,,0.22586712001199616,,,,,-0.24618408890954957,BRITANNIA
2016-03-31,22.7,1536.64,660.0,312.32,1893.83,60.25,95.1,482.48,52.74,143.14,72.56,226967619.0,1.0,2149.93,790.41,20.09,11.56,23.45,177.29,477.95,34.3,38.22,252.13,53.75,387.4,55.25,332.15,158.9,534.21,-1293.87,510.9,-248.76,466.15,45.39,693.28,441.15,10580.095559685,11167.535559685,16.10826153889482,5.194371704978767,7.317691121392377,56.55415289711391,63.70178684329369,8.242542344291548,0.2168210127771602,0.01569814677977556,11.769332452081956,39.607174144999156,0.21300678492182587,0.12122926437578702,0.1987753115791181,0.1544934021107664,0.3224663128566977,0.20519272720507178,8.207441860465115,0.42325599292008154,0.9713204903677758,1.13522861080456,40.764694728858544,805.3299999999999,5.626170183037585,0.24847785741861367,0.809409090909091,0.1291886384167733,,,-0.29574030490002756,,,0.1302986826659709,,,-0.24185399051350798,,,-0.29574030490002756,,,,,-0.4525405415032113,EMAMILTD
2016-03-31,129.02,2409.25,204.36,695.9,459.56,36.54,1595.16,1347.27,192.1,767.56,140.17,1290171198.0,1.0,4860.86,2159.35,-37.06,28.31,620.58,229.51,802.84,154.04,190.56,68.82,15.17,935.74,244.48,691.26,548.34,629.01,-85.91,-549.48,-6.38,244.3,129.02,1019.73,950.91,31518.882367140002,31583.072367140005,30.971994907612803,6.49742481107047,5.35777398852891,147.6934614788405,45.59729479501201,1.6541016613318387,0.05025859621548451,0.021931125618210846,4.875290652611998,50.10983291203638,0.27233509437530284,0.15355123039126398,0.3467146498069371,0.14220940327431772,0.20978386540653302,0.19562587690244113,62.683586025049436,0.0805115295063173,4.6450599006969435,10.577204282357036,25.30380010411244,2845.2999999999997,3.7069414768878004,0.12940302744781787,3.0779506752789194,0.038379048107322955,,,0.26797145844415504,,,0.2702800338831033,,,0.2712530581141963,,,0.2677749041954427,,,,,0.17037102052745623,MARICO
2016-03-31,26.44,2119.18,806.19,1409.95,1797.36,60.84,25.47,2478.09,1118.81,687.35,11.47,264405149.0,1.0,4838.81,789.21,11.07,157.1,1521.89,334.29,1044.2,273.55,48.37,243.51,81.07,453.43,155.56,297.87,30.41,539.05,-245.25,-296.67,-2.87,827.35,26.44,778.01,534.5,21875.560002514998,22670.280002514995,29.13880284638372,4.685094062902861,11.265885022692888,106.59052950075642,73.43852687413974,7.761946618288717,0.17098212163734472,0.01361683087289888,20.387670196671706,40.580899731008266,0.13882700571396614,0.048683103022775,0.18107534021498675,0.06155852368660889,0.16078539971604588,0.11046104310770623,6.593067719254965,0.3757375490534205,0.8768681108130649,2.692176303022211,4.324961342855356,2457.13,3.574787226303921,0.11140135694519931,0.6686389064612559,0.031225691506705733,,,0.14772858629060237,,,0.1817574238626869,,,0.18524924605286497,,,0.14772858629060237,,,,,-0.010601492780321187,UBL
2016-03-31,63.11,3373.57,435.28,547.43,198.55,10.1,2798.53,1412.21,109.7,890.0,65.87,631129729.0,1.0,2986.79,1900.51,3.92,,62.85,168.62,297.14,262.8,108.59,22.79,67.71,316.88,90.39,226.49,142.0,131.62,217.59,-153.88,195.33,121.25,63.11,407.38,384.59,7652.447964125,8021.857964125,19.691339692977074,2.685779035059378,3.5888131833306924,116.56539534146728,33.78554240805334,1.0401886395598763,0.04059542184083916,0.029598459243964474,2.085564886705752,58.13772602947879,0.06590372103309007,0.04136909436953639,0.09932695585698198,0.0758305739606735,0.13639392123316335,0.12876365596509964,5.6799586471717625,0.12665712257178438,0.8099166981450924,15.043011835809619,27.226891522333638,1959.4399999999998,2.2016179775280897,0.0440673766819897,0.30238007719169274,0.03545477237113981,,,-0.2162975778546713,,,0.010417183392033236,,,0.003522596806178724,,,-0.23206848699941163,,,,,-0.4295223400607966,TATACONSUM
2016-03-31,27.2,1003.84,,971.85,1008.14,78.37,31.16,885.22,101.54,291.53,288.66,271985634.0,1.0,3868.19,1480.51,4.25,37.84,154.29,263.29,904.71,92.28,7.17,111.41,,835.28,254.11,581.17,272.0,688.73,-236.61,-391.45,60.67,830.85,27.2,946.6899999999999,835.28,22597.92640089,22309.26640089,23.565545638899746,5.7673657190805,21.36654411764706,64.10588235294118,38.88555844245229,12.960589098917232,0.21479037999684608,0.025716488075641884,25.320955882352944,32.81274229378711,0.5636735723153321,0.22299088729016786,0.8101334574798262,0.15024339548988028,0.24473720267101665,0.215935618467552,inf,0.0,inf,3.8369571686472117,38.09523340555446,1668.3899999999999,5.722875861832401,0.17804968215108358,inf,-0.028566477646574273,,,0.03969730580700559,,,0.1067090634900223,,,0.07033662655851569,,,0.03969730580700559,,,,,-0.22321187479704707,COLPAL
2016-03-31,175.91,2918.38,87.23,1248.21,638.81,24.96,2570.31,1195.65,420.69,615.56,55.63,1759141170.0,1.0,5340.04,2150.59,23.77,47.77,716.49,431.89,733.72,185.27,194.36,72.83,10.26,1209.35,272.09,937.26,395.8,960.3,-494.33,-455.04,10.93,249.9,175.91,1292.4399999999998,1219.61,43960.9378383,43992.537838300006,34.03835987612579,8.238241256301452,5.328065488033654,192.50018816440226,46.90257665962486,1.2981805492396516,0.04679740226664969,0.02132079026824191,5.459041555340799,45.77726647922525,0.3028998574794218,0.170514768086016,0.38334192461464955,0.17551553920944413,0.2420281496018756,0.22838967498370796,118.87037037037037,0.028190635008354097,13.257154579956916,8.359355676961851,12.693527300387458,2891.0800000000004,4.696666450061733,0.17983011363210763,11.008827238335433,-0.01471095636899733,,,0.22906449159432452,,,0.2280998489153261,,,0.2364003162952899,,,0.2272478992015412,,,,,-0.07205589178204197,DABUR
2016-03-31,145.3,1568.7,4204.1,2274.4,1076.2,244.9,992.4,5879.0,2314.0,1899.9,12.7,145327743.0,10.0,8248.2,5036.5,195.9,30.0,136.8,645.5,1572.8,1143.8,985.4,101.7,446.9,315.5,193.6,121.9,0.0,226.6,705.4,-1109.3,-177.3,499.88,72.66,864.1,762.4,7264.643217084,11456.043217084,13.25777481435482,1.388914334895371,1.677676851087256,166.88959537572256,297.95964561115665,2.995273605131633,0.06060473800344317,0.0033561591803778026,3.1186347371318472,160.2880882612533,0.07112018669778297,0.010012978265512312,0.12882512968689275,0.014778982080938871,0.10476225115782836,0.09243228825683178,1.70597449093757,2.4528004667444576,0.18578800258009032,7.664188812488385,3.5644770959377703,5007.400000000001,2.635612400652666,0.02747266070172886,0.05389976451559192,0.035125390452931615,,,-1.0623060920944354,,,-1.7051344823083954,,,-1.5710091523240313,,,-1.0623060920944354,,,,,-1.0705970917939096,MCDOWELL-N
2016-06-30,32.46,1619.32,,514.63,317.43,34.72,,1814.26,149.62,127.48,1073.18,32460736.0,10.0,2275.39,895.48,10.71,11.37,82.62,117.68,526.9,43.71,85.1,51.67,6.27,635.5,213.0,422.5,116.86,352.46,221.05,-121.7,451.81,6263.15,3.25,693.4399999999999,641.77,20330.645867839998,19257.465867839997,27.77091870650669,8.463369298379618,130.0,530.7123076923077,48.17807692307692,11.801403338908809,2.7525610994159244,0.020756328684447923,108.44923076923077,57.75190801793111,0.2557846686604754,0.1213393567434527,0.3885323711390137,0.18568245443638234,0.3047565472292662,0.28204835215062035,102.35566188197768,0.0,110.59649122807018,7.168163059572189,15.207793075792004,978.76,7.677753373078129,0.15490091808437234,inf,-0.025023673938100677,,,0.22060437973074487,,,0.24036776016885453,,,0.26699307049927934,,,0.22060437973074487,,,,,-0.09205088493166658,PGHH
2016-12-31,182.31,1954.42,1459.67,1003.24,2991.53,68.94,500.53,1038.64,47.14,359.97,14.94,182312525.0,10.0,2979.6,1382.71,16.84,124.2,121.74,280.49,361.77,22.54,50.17,249.46,389.49,114.21,24.71,89.5,0.0,751.66,-1108.5,352.78,-4.06,56.38,123.06,753.16,503.7,1027.87801595,2472.60801595,3.2829784055844713,0.8298456222143913,0.7272875020315294,198.19184625385992,77.52092513966481,0.2844718441533866,0.018922002953416568,0.012899742852634432,6.108077360637087,9.230400447010618,0.041886433943455655,0.01807076876482762,0.1400567233900567,0.030037588938112498,0.2527721841857967,0.16904953685058396,1.293229607948856,0.683132637254122,0.40729844902550344,0.9960120740891784,63.207467119219345,1611.8100000000002,4.477623135261272,0.2522687609075044,0.5149520097008228,0.04036312849162016,,,-0.409825255522585,,,0.2122519274412915,,,0.4043549781135862,,,-0.5669366209466067,,,,,-0.8866373288268216,VBL
2016-12-31,96.42,3185.91,33.15,3494.98,2730.14,188.17,1755.66,2136.49,97.93,940.06,880.0,96415716.0,10.0,9141.34,3227.26,7.66,232.79,850.85,901.57,1751.78,334.91,140.12,353.67,90.91,1545.38,544.02,1001.36,607.45,1465.91,-125.9,-665.61,674.4,602.84,96.42,1989.9600000000003,1636.2900000000002,5812.325023344,4965.475023344,2.495263735624836,0.5431889660973117,10.385397220493674,129.4620037336652,58.04688903091795,4.656501387389217,0.06594656800862893,0.01722745209424337,15.203381041277744,39.65170631212012,0.30507596737683296,0.1172514250118263,0.4935303485468168,0.1095419271135304,0.2176879976021021,0.17899892138351708,17.999010009899905,0.010099532953724946,16.04030307915525,3.3483044825540085,93.34565505973654,4303.240000000001,4.577622704933729,0.1603605160731359,44.22051282051282,0.11816432649037156,,,0.7777619969108953,,,0.7093233005205386,,,1.0029990696763456,,,0.7777619969108955,,,,,0.5261868445206295,NESTLEIND
2017-03-31,216.0,6274.0,,8261.0,4024.0,203.0,3779.0,6745.0,928.0,2362.0,1671.0,2164349639.0,1.0,31890.0,13165.0,-156.0,257.0,2771.0,1620.0,6508.0,1366.0,767.0,396.0,22.0,6396.0,1906.0,4490.0,3672.0,4953.0,-752.0,-4264.0,-63.0,911.75,216.43,6814.0,6418.0,197334.578335825,195663.578335825,28.714936650399913,6.135577871929288,20.745737651896686,244.9885875340757,43.948786748329624,3.7216019292049016,0.02859046723110693,0.022753756678800863,22.884997458762648,39.840511306279026,0.6918335901386748,0.2301501870931365,0.9889060092449923,0.1407964879272499,0.2136719974913766,0.20125431169645658,291.72727272727275,0.0,309.72727272727275,7.924950298210735,34.36422413793103,16349.0,6.921676545300593,0.1553151458137347,inf,0.026689417597630438,,,0.08532753202803955,,,0.08468640560331098,,,0.07666498909578934,,,0.08512694476527027,,,,,0.05004184493128827,HINDUNILVR
2017-03-31,27.2,1246.6,,1036.85,1108.11,166.59,31.16,1004.79,129.9,292.55,294.3,271985634.0,1.0,3981.82,1470.75,-5.58,44.04,167.06,289.37,950.47,111.0,41.12,133.24,,851.43,274.0,577.43,272.0,688.0,-342.1,-340.58,5.32,995.5,27.2,984.67,851.43,27076.1698647,26781.869864700002,27.198827896351066,6.726037305729541,21.229044117647057,73.03088235294118,46.89330308435655,13.631219669358249,0.25001130136470257,0.02132500664756108,25.294117647058822,39.35697674418605,0.45331292196577166,0.20184143651623138,0.6684173339613754,0.14501660044904088,0.24729143959294994,0.21382935441581988,inf,0.0,inf,3.5933436211206473,30.652963818321787,1687.4299999999998,5.768005469150571,0.1727853092304524,inf,0.02937549603302836,,,-0.0064352943200784996,,,0.04011872946793571,,,0.019334833828177356,,,-0.006435294320078611,,,,,-0.19578822880811264,COLPAL
2017-03-31,26.61,1003.28,799.04,391.84,703.82,2.2,205.39,1309.36,624.01,293.63,14.07,133038765.0,2.0,1657.2,535.29,-4.42,27.75,427.73,141.36,272.61,34.5,17.74,41.7,80.73,108.85,28.78,80.07,10.64,251.91,3.11,-233.98,21.05,137.8,13.3,231.27999999999997,189.57999999999998,1833.2741817,2618.2441817,11.320668374697338,1.5799204572169925,6.020300751879699,102.04458646616541,22.889221930810546,1.3503901066392179,0.08315230509292783,0.04368868470159433,18.940601503759396,7.275376126394349,0.07774616706638574,0.025416788348972152,0.10365623615994052,0.04831643736422882,0.13956070480328261,0.11439777938691768,2.3483215657128698,0.775849848042024,0.2628868908919376,2.354579295842687,2.6557266710469385,995.1899999999999,3.3892654020365764,0.15200941346850108,0.31526581898277933,0.008704120762067058,,,0.09012933968686165,,,0.019079092311081736,,,0.03133500163203129,,,0.09012933968686188,,,,,0.01945389278389964,RADICO
2017-03-31,1214.74,44126.22,25.84,8849.15,14880.24,3537.02,18585.29,17213.4,2207.5,7863.99,2747.27,12147383071.0,1.0,40079.67,15332.13,-644.17,550.32,1607.31,2444.31,3789.33,1106.68,1980.91,1038.04,45.33,15502.96,5302.06,10200.9,5770.02,10002.02,-2780.33,-7137.62,84.07,280.3,1214.74,16586.329999999998,15548.289999999999,340491.14748013,337769.71748013,20.3643432561712,8.427457548431164,8.397599486309828,1251.065649933319,33.37858639923928,0.22404899376378834,0.006993570555845396,0.029959327457402166,8.233877208291487,34.042285658297025,0.22498200302772592,0.16064993860406576,0.34272397436010477,0.25451556861620867,0.4138339961381917,0.3879345812977003,343.0022060445621,0.0005699041220124144,233.05226921455667,2.6934827664069934,18.15613590033975,18133.929999999997,2.3059452008458807,0.249553451912154,387.0750773993808,0.09559171050117454,,,0.09353509777163627,,,0.0696248326527662,,,0.07185233696401472,,,0.0866394008744149,,,,,0.004671454968472766,ITC
2017-03-31,34.06,4339.55,148.97,1639.53,1283.5,39.35,3654.91,1184.35,209.33,561.92,98.45,340600816.0,1.0,4748.01,2051.03,3.79,68.89,194.1,299.01,921.5,80.96,63.6,56.68,36.06,1107.17,259.45,847.72,510.9,1177.18,-1008.57,-121.18,47.43,557.14,102.18,1199.91,1143.23,18976.233862623998,19026.753862624,15.856817480164343,4.00731124463175,8.296339792522998,76.52966138187512,67.15491577407634,7.280053118488645,0.11734179161374975,0.014890942658080551,11.520649833626933,48.36011926808134,0.1938261527662503,0.12123344287990206,0.25278270367798905,0.1785421681925691,0.25271850733254564,0.24078087451374364,31.703549639489736,0.03406110741469861,6.484948386748095,3.699267627580834,22.681937610471504,2310.23,4.111314777904329,0.24793123856099714,7.902127945223871,0.042551743218377736,,,0.17303886974691096,,,0.14517083412865062,,,0.1399355861560092,,,0.17280926730616963,,,,,0.014871021615241897,GODREJCP
2017-03-31,145.3,1792.5,4040.7,2818.0,1187.2,85.1,323.8,7200.4,2960.5,1853.8,52.3,145327743.0,10.0,8547.6,3055.5,-44.4,27.3,1922.6,670.3,1823.1,33.4,-215.1,132.3,369.0,254.6,84.7,169.9,0.0,673.3,-88.9,-545.3,39.1,434.94,72.66,755.9000000000001,623.6,6320.8848540419995,10309.284854042,13.638424201669531,1.2061028656046142,2.3382879163225985,169.96969446738234,186.00788934667452,2.5589267625792327,0.05088445879545135,0.005376116053530599,9.266446462978255,46.93708658844497,0.08767674682629786,0.012512888496096629,0.104307100443255,0.019876924516823435,0.08843418035471946,0.07295615143432074,1.6899728997289973,2.0851997110124882,0.1714175567498923,7.199797843665769,2.887214997466644,5049.799999999999,2.724026324306829,0.07877064907108428,0.16662954438587374,0.03629882883538227,,,0.39376538146021334,,,-0.1252169887744473,,,-0.1820566631689401,,,0.3937653814602131,,,,,0.23279691599897068,MCDOWELL-N
2017-03-31,176.15,3481.73,283.75,1275.39,993.33,28.25,3054.15,1141.29,333.25,599.27,26.16,1761520510.0,1.0,5290.65,2129.17,8.19,50.61,732.62,425.95,747.9,100.24,273.66,75.43,16.23,1294.35,296.02,998.33,396.34,926.94,-678.94,-273.66,-25.66,277.35,176.15,1386.01,1310.58,48855.77134485001,49113.361344850004,35.43506998134934,9.283048650893559,5.66749929037752,195.9157110417258,48.93692716837118,1.4156598188336742,0.05242267018230275,0.02043446652380573,5.2622196991200685,52.70589520357305,0.2729258477588111,0.1623974168151022,0.3324969619167705,0.1886970410063036,0.261973481519284,0.24771625414646595,80.75046210720886,0.07757225496735815,4.620341356090406,5.326175591193259,15.875918979744934,2904.21,4.846246266290654,0.17520342490998272,3.266748898678414,-0.009248994389555176,,,0.06515801378486241,,,0.07239794497230068,,,0.07458941792868212,,,0.0637067624461829,,,,,-0.09895683005610856,DABUR
2017-03-31,63.11,3721.44,32.26,598.73,214.48,11.5,2971.67,1217.89,99.62,764.19,20.78,631129729.0,1.0,3063.89,1723.45,1.79,,239.91,187.82,337.02,214.83,96.34,23.7,49.1,386.19,110.19,276.0,148.31,506.9,60.42,-612.28,-44.96,150.55,63.11,458.99,435.29,9501.658070095002,9513.138070095001,20.726242554510993,3.1049215442117704,4.373316431627317,122.0775170337506,34.42467572463769,1.2332328151659382,0.04913688154600851,0.02904893013369191,8.032007605767706,18.7437571513119,0.07292808920479317,0.052187428502277526,0.11404549872799537,0.09008156298039421,0.1498062920013447,0.1420710273541152,8.865376782077393,0.00852413100632836,5.641470009832842,14.285201417381574,30.755771933346715,1961.5700000000002,2.5668616443554613,0.16544327635783268,15.712957222566645,0.02581366617673142,,,0.21859684754293784,,,0.12668761353036473,,,0.13182870069424601,,,0.21859684754293784,,,,,0.10658530446522407,TATACONSUM
2017-03-31,22.7,1689.86,434.7,293.71,1952.38,19.94,128.15,340.5,34.13,169.2,8.53,226967619.0,1.0,2301.71,771.43,13.2,14.51,31.5,200.68,525.47,32.09,44.97,304.67,57.62,421.91,75.55,346.37,158.9,714.71,-260.55,-518.57,-64.41,532.18,45.39,784.2,479.53000000000003,12078.762747941999,12504.932747941999,15.946101438334606,5.4328880475568155,7.630975985899978,59.92978629654108,69.73944106013799,8.880058363076715,0.23121070856015744,0.014339088251907208,15.745979290592642,33.79783436638636,0.20225276778623816,0.13155505926947195,0.22332181477790303,0.15048377076173802,0.3407032163043998,0.20833641075548182,8.322283929191254,0.25383052272621104,1.5928664283392917,1.1789252092318094,67.4394960445356,804.2399999999999,4.7531914893617015,0.3105126188790074,1.6441453876236487,0.0705976473652632,,,0.042811982538009996,,,0.13114470343872608,,,0.08699988665986647,,,0.042811982538009996,,,,,-0.050486735150406026,EMAMILTD
2017-03-31,24.0,2557.98,0.62,1113.54,839.32,29.77,599.91,2227.14,126.41,602.61,53.55,120000815.0,2.0,8414.37,5247.56,49.25,75.04,609.91,241.68,837.81,245.76,143.07,96.43,1.34,1251.16,407.47,843.69,264.0,401.94,-115.49,-283.8,2.65,1687.0,24.0,1348.93,1252.5,20244.1374905,20191.2074905,14.968313767578747,2.399610130110751,35.15375,130.58249999999998,47.989190342424344,12.919035858556853,0.20049035162466114,0.020838026081802016,16.7475,100.7314524555904,0.32676085794622733,0.18963843072731934,0.4849763803918532,0.1002677562313043,0.1603126556117689,0.14885249876104806,934.7014925373134,0.00024012579493257113,688.2295918367347,10.025222799409045,66.56411676291434,5883.26,9.762964438027913,0.04776828211737777,648.2903225806451,0.08829494160404572,,,0.10530452895940057,,,0.08945459831848623,,,0.0887706670839199,,,0.10530452895940079,,,,,-0.1369696552575851,BRITANNIA
2017-03-31,129.05,2795.19,108.35,730.42,519.35,7.94,1664.25,1571.47,227.61,1082.96,77.21,1290471198.0,1.0,4850.75,2128.32,47.44,26.46,615.62,252.74,849.72,68.78,261.86,64.1,12.59,1141.72,299.02,842.7,451.68,470.69,87.48,-560.01,-1.84,294.85,129.05,1218.4099999999999,1154.31,38049.54327303,38080.68327303,31.254408017851137,7.850473282075968,6.530027121270825,150.7097442851608,45.15295182152605,1.9564096628158871,0.060784414781219404,0.022146946315993978,3.647345989926385,80.83960249845971,0.28817744097611686,0.16385856091466797,0.38063503473928223,0.17372571251868268,0.25117971447714266,0.23796526310364374,91.68467037331214,0.03705236232320192,10.074499751943112,9.340040435159333,21.31167347656078,2722.96,2.5143680283666985,0.09703447920424677,4.344162436548223,-0.00207987886917127,,,0.21907820501692576,,,0.19483588793111895,,,0.21390036912010602,,,0.2187948083013076,,,,,0.058172255166577314,MARICO
2017-03-31,26.44,2306.08,594.02,1547.43,1725.55,137.18,25.5,2585.74,1295.35,750.14,21.55,264405149.0,1.0,4734.12,860.11,20.32,136.05,1486.09,352.09,1088.41,190.45,51.53,286.95,58.65,347.17,117.84,229.33,30.41,543.88,-233.53,-301.09,9.26,770.8,26.44,692.77,405.82,20380.348884919997,20952.818884919998,30.244985904297238,4.4259163022737065,8.673600605143722,113.65936459909227,88.86736144420702,6.781667333077418,0.16281801052782777,0.011252725227223304,20.57034795763994,37.47141281164963,0.09831855675406857,0.03581138162630801,0.1386688717734936,0.04844194908451835,0.14633553860062692,0.08572237290140512,6.919352088661552,0.25466877025706103,1.0614399313588798,2.7435426385790036,3.6547033620257077,2461.93,3.281960700669208,0.11488513176683313,0.9155920676071513,-0.02163548475761612,,,-0.2301003793601235,,,-0.10956157375869202,,,-0.24074836295603363,,,-0.2301003793601234,,,,,-0.29179084250624576,UBL
2017-06-30,32.46,493.66,,634.0,285.71,40.84,,833.57,132.8,177.35,116.83,32460736.0,10.0,2320.4,966.08,51.11,11.23,90.45,114.43,487.75,26.89,67.25,59.74,10.42,671.77,239.04,432.73,1262.69,445.26,149.29,-1558.7,-964.15,8023.15,3.25,741.93,682.1899999999999,26043.73540384,25926.90540384,34.94521774808944,11.173463800999826,133.14769230769232,184.35538461538462,60.25752201141589,43.52001986130467,3.4576581623857954,0.01659543848833592,137.00307692307692,58.561823429007774,0.8224929673838668,0.27985591039023194,1.2966433513266935,0.18648939837958972,0.31974228581279085,0.29399672470263744,65.46928982725527,0.0,71.2024952015355,8.121521822827344,17.47289156626506,1016.65,5.732449957710742,0.19188932942596104,inf,0.019781224317589663,,,0.024213017751479438,,,0.0699267420396863,,,0.0629820652258597,,,0.024213017751479438,,,,,2.2155678903321263,PGHH
2017-12-31,182.59,2114.21,2087.07,914.68,3278.0,11.97,627.19,1381.39,94.69,315.67,31.27,182586940.0,10.0,3062.59,1470.51,66.2,130.38,125.79,319.47,326.71,31.18,45.54,273.64,192.45,304.2,68.6,235.6,45.65,499.56,-809.45,326.29,16.4,96.78,123.26,770.29,496.65,1767.07640532,3822.8764053200002,4.962905406171702,1.2482494899153984,1.9114067824111634,199.7424419925361,50.63286417657046,0.48452396513514356,0.031600703979311626,0.019750018417143658,4.052896316728866,23.879219312995435,0.10257749912922326,0.04112977701585661,0.11329031198461631,0.07692835149334386,0.25151587381921836,0.16216666285725478,2.5806703039750585,0.9086859979101358,0.3379176317821296,0.9342861500915193,32.34333086915197,1660.4799999999998,5.260176766876801,0.1631168390153432,0.23935948482801245,0.02785273191032367,0.1490293909092104,,1.6324022346368716,0.8810081389046094,,0.02274417122523764,0.2832490933058396,,-0.013996426444312093,0.327121833182048,,1.6281309345644441,0.6956877015472169,,,-0.09706598354174578,1.4489432370322368,VBL
2017-12-31,96.42,3324.17,35.14,3906.86,2616.18,94.16,1978.87,2673.38,88.97,902.47,1457.42,96415716.0,10.0,10009.6,3696.99,79.56,288.44,897.84,1017.45,1823.98,267.93,176.92,342.25,91.9,1839.3,614.11,1225.19,829.21,1817.79,-130.56,-996.62,690.61,787.09,96.42,2273.45,1931.2,7588.784590644001,6166.504590644001,2.7123994768497224,0.6160590423837117,12.706803567724538,130.8959386019498,61.942407136852246,6.013097185494154,0.0786335118286445,0.016144028723175923,18.852831362787803,41.74916673543149,0.3581808986169053,0.1260835068213463,0.5588399556678328,0.12240149456521739,0.2271269581202046,0.19293478260869565,21.014145810663763,0.010273081544411929,17.895544710327453,3.826036434801887,112.50533887827358,4803.709999999999,5.322847296863053,0.1816046595268542,51.729937393284004,0.09498169852559912,0.00520748788581038,,0.2235260046336982,0.011267942717803736,,0.14246014995276268,0.022584513922194738,,0.18023088816774524,0.025902986771689118,,0.22352600463369798,0.011267942717803736,,,-0.04984076529108539,0.17407117216308476,NESTLEIND
2018-03-31,1220.43,50179.64,17.99,10963.25,15565.99,5025.58,23397.22,18392.52,2357.01,7237.15,2594.88,12204294911.0,1.0,40619.65,14748.19,-1041.85,620.92,1620.68,2487.46,3571.09,951.05,2528.26,1145.37,109.6,16851.7,5628.45,11223.25,6285.21,12650.85,-6691.24,-6019.85,-60.24,255.5,1220.43,18106.67,16961.3,311819.73497605,309242.84497604996,17.07894632066802,7.613134159847511,9.196143982039118,1261.5463606269923,27.78338404651059,0.20252921967371515,0.006290059121632018,0.03599273574183608,10.365895626951156,24.64813550077663,0.2183508699501771,0.1613816538612465,0.32987047741591186,0.2763010021011998,0.4457613494946411,0.4175639130322393,154.75638686131387,0.0003499995233469526,141.91292421036133,2.6095127903846786,17.233550133431763,18031.64,2.4915387963493916,0.3114465535769018,703.2156753752085,0.013472665817857443,0.036384549566067736,,0.10022154907900283,0.05317194689924154,,0.09166223028240728,0.0638628094599345,,0.09087880403568493,0.06412733913859237,,0.09509199587704997,0.047939519629487615,,,-0.11272338659912451,-0.029474060095071808,ITC
2018-03-31,24.01,3211.27,9.51,1382.51,1031.27,200.28,1186.13,2209.62,230.32,594.58,97.25,120059148.0,2.0,9304.06,5777.63,4.18,94.98,579.92,294.87,876.57,273.79,155.93,119.76,1.45,1445.2,497.31,947.89,300.12,1182.58,-822.78,-304.27,55.53,2485.3,24.01,1566.41,1446.65,29838.30005244,29750.56005244,18.99283077383316,3.1975890151654225,39.4789670970429,157.7571886713869,62.95250820242856,15.753957210640694,0.26711994548616413,0.01588499058344783,49.2536443148688,50.45921037054576,0.2929854603001904,0.17720319227095044,0.44583778919437,0.10187917962695855,0.1683576847096859,0.15548588465680577,997.6896551724138,0.00293946737222126,142.92062043795622,9.021943816847187,40.396231330323026,6448.349999999999,10.84521847354435,0.12710365152417333,124.35120925341745,0.10573459450915501,0.09042774325936165,,0.1235050788796832,0.15051899518574197,,0.1612240813088892,0.16094267212958457,,0.15500998003992028,0.1785098465837247,,0.12303714673521027,0.15019945094067588,,,-0.16445636407391573,-0.1033642703055796,BRITANNIA
2018-03-31,26.44,2662.01,312.06,1718.54,1705.05,72.27,25.57,2916.16,1498.35,806.44,20.16,264405149.0,1.0,5628.73,1088.11,-22.86,147.85,1704.73,394.63,1144.08,224.77,12.38,259.6,47.65,606.83,212.84,393.99,52.88,562.01,-195.92,-363.44,2.65,947.85,26.44,914.08,654.48,25061.642047965,25353.542047965002,27.736677367369378,4.504309506401089,14.901285930408472,127.12116490166414,63.60860427929643,7.456272137949797,0.16839500206973868,0.015721143567451044,21.25605143721634,44.5920072596573,0.14654912682028678,0.05651251554492214,0.21812291910375234,0.06999625137464402,0.16239542490046602,0.11627489682397274,13.735152151101785,0.11607431791552753,2.5411581551805624,3.3012111081786455,3.7566189475089264,2963.5499999999997,3.6748549179108174,0.09984667944634047,1.8009677626097544,0.18897070627698498,0.06253160551658188,,0.7180046221602057,0.14929771719635299,,0.31945667393218535,0.11560158410114107,,0.6127347099699374,0.13219035957348413,,0.7180046221602057,0.14929771719635299,,,0.014596850239191106,0.4905540892637479,UBL
2018-03-31,63.11,4150.24,84.25,594.57,227.47,12.65,2821.26,1830.79,136.66,744.4,535.27,631129729.0,1.0,3217.32,1739.69,1.67,,234.31,208.13,388.09,290.91,406.46,27.2,13.65,723.47,189.15,534.32,157.78,198.7,142.69,-134.84,206.55,258.75,63.11,764.32,737.12,16330.481737875,15879.461737875,20.775933820749163,4.935617761949387,8.466487086040248,128.8720028521629,30.56167184458751,2.007806150858292,0.08042407966879266,0.032720723037836706,3.1484709237838695,82.18275037745344,0.1268159540508147,0.08486860392163093,0.17151898734177218,0.16607611303818084,0.23756418385488542,0.2291099424365621,54.0014652014652,0.01999596520583384,7.807150153217569,14.143931067833122,23.542514268988732,1972.33,2.649556689951639,0.061759476831648695,2.3584569732937686,0.0500768630727606,0.03706720628438109,,0.9359420289855074,0.22734840502873,,0.6652214645199244,0.23763357095728765,,0.6933998024305634,0.24362407583059253,,0.9359420289855076,0.21905966723990478,,,0.031575137247491725,0.7389178221123578,TATACONSUM
2018-03-31,176.15,4050.71,286.61,1299.23,1030.48,26.82,3433.06,1322.34,321.34,704.79,87.02,1761520510.0,1.0,5592.29,2281.22,74.03,59.43,756.51,461.67,775.75,99.91,265.69,102.5,21.89,1373.13,301.08,1072.05,1321.12,816.41,-261.18,-496.18,59.05,328.4,176.15,1497.5200000000002,1395.0200000000002,57848.3335484,58047.9235484,38.762703368502585,10.37999165787182,6.086006244677831,199.14579903491344,53.959852618814416,1.6490430709132167,0.05872370710388767,0.01853229672557196,4.6347431166619355,70.85613845984248,0.253627988625126,0.1553914100967817,0.30907926717137824,0.1917014317927003,0.26778296547568176,0.2494541592084817,63.72864321608041,0.06780683533403047,4.8541977309562405,5.426878736122972,17.403031057446942,3023.1299999999997,4.289405354786532,0.14598849487419285,2.8485049370224345,0.05701378847589633,0.010499902545748174,,0.07384331834163049,0.1202369070690914,,0.0804539649786078,0.12477409699402187,,0.06442948923377467,0.12246512138849064,,0.07384331834163049,0.11917597556304882,,,-0.08066602746337859,-0.07070733421606501,DABUR
2018-03-31,22.7,1948.54,279.37,347.27,1763.35,30.02,315.32,489.19,70.03,183.85,21.55,226967619.0,1.0,2353.99,788.58,10.48,17.82,31.93,222.41,569.91,33.93,27.82,305.31,33.17,389.23,79.72,309.52,158.9,577.41,-237.4,-330.93,9.08,534.43,45.39,727.71,422.40000000000003,12129.830462216998,12387.650462217,17.022784436405985,5.262405729088484,6.819123154879929,65.62883895131085,78.37224638149392,8.143218873588276,0.22703155068628159,0.012759618948936118,12.721083939193655,42.011357094612144,0.1570179176558917,0.10885980677313954,0.18768245053563257,0.1314873894961321,0.3091389513124525,0.17944001461348608,12.734398552909255,0.14172297640064122,2.328373968132079,1.3349533558283948,33.61402256175924,827.85,4.502855588795214,0.24528991202171632,2.0668289365357766,0.02271354775362644,0.0732863296365236,,-0.1063891214597108,-0.13098134767913683,,-0.07203519510329004,0.05863837022025642,,-0.11913748879110797,-0.10126809425351124,,-0.1063891214597108,-0.13098134767913683,,,-0.2610145063293273,-0.22365503634617923,EMAMILTD
2018-03-31,68.13,4573.46,,1982.49,1314.06,52.38,3902.46,1355.18,248.58,576.25,98.11,681329518.0,1.0,5261.02,2132.37,-46.24,80.12,199.41,355.51,1028.57,88.49,73.89,63.3,51.89,1289.01,289.14,999.87,681.3,1235.44,-302.42,-934.91,-1.89,729.1,102.2,1404.2,1340.9,49675.73515738,49577.62515738,35.30666938995869,9.423576636732038,9.783463796477495,112.88009784735812,74.52370808205067,6.459065981550832,0.1385852933461572,0.013418548616756953,12.088454011741684,60.31375056659975,0.2154154072203706,0.13341134464097007,0.28888807499154384,0.1900524993252259,0.2669064173867425,0.2548745300340998,25.841202543842744,0.0,27.061090768934285,4.003637581236778,21.16429318529246,2458.1399999999994,4.265752711496745,0.2348289875347366,inf,0.10804737142508136,0.058998336711632904,,0.17948143254848303,0.15174328446939356,,0.17025443574934784,0.15662484364741847,,0.17290483979601667,0.15696329694162015,,0.17925061426422695,0.1515178502721164,,,0.03650062643661145,0.11138463074256255,GODREJCP
2018-03-31,26.66,1115.46,592.05,498.24,685.49,20.19,205.39,1321.34,630.01,312.1,22.35,133307265.0,2.0,1796.66,504.7,12.53,35.47,501.76,155.16,293.48,48.23,26.39,40.9,68.6,187.28,63.83,123.45,13.33,315.78,-20.76,-292.57,2.45,332.25,13.33,296.78,255.88,4429.133879625,4998.833879625,16.843567220247323,2.7822926316748857,9.26106526631658,110.34042010502625,35.87600243013365,3.0111358981935332,0.1849264746807966,0.02787378560215675,23.689422355588896,14.025247007410224,0.1080884670612545,0.03886132691992899,0.14755185477778995,0.06871083009584451,0.1651842863980942,0.14241982345017976,3.7300291545189506,0.5183781038770006,0.4492242488458336,2.6209864476505857,2.851796003238044,1029.3999999999999,3.2983018263377115,0.17575946478465596,0.533367114263998,0.0841539946898382,0.08673067926731903,,0.5417759460472089,0.22206929323935287,,0.28320650294015914,0.11192136152628152,,0.3497204346450049,0.12952817529154426,,0.5383060827027666,0.2211518234551142,,,0.09840051802871863,0.39027390210709867,RADICO
2018-03-31,129.0,2912.0,122.0,857.0,509.0,25.0,1507.0,1979.0,288.0,1313.0,61.0,1290864398.0,1.0,5170.0,2706.0,222.0,30.0,625.0,274.0,780.0,62.0,114.0,67.0,8.0,954.0,236.0,718.0,548.25,409.0,187.0,-602.0,-6.0,326.05,129.09,1029.0,962.0,42088.633696790006,42149.633696790006,40.96174314556852,8.152733790481626,5.562011000077465,151.55790533736152,58.62088370473538,2.1513229499591358,0.06306576402321083,0.017058767060504416,3.1683321713533195,102.90903300733497,0.23610654390003288,0.12692239703022803,0.3041416376857414,0.13887814313346228,0.1990328820116054,0.186073500967118,120.25,0.04011838211114765,7.915384615384616,10.157170923379175,17.95138888888889,3139.0,2.390708301599391,0.07911025145067699,3.3524590163934427,0.06581456475802705,0.0336601707299391,,-0.14797674142636763,0.09613530255152236,,-0.15545670176705695,0.08628358482415832,,-0.16660169278616654,0.08748319892705037,,-0.14824075049246832,0.09588050586578523,,,0.0048687131170424,-0.1806903999831112,MARICO
2018-03-31,27.2,1497.41,,1039.25,1145.91,158.58,31.16,1228.21,201.03,226.71,456.16,271985634.0,1.0,4187.97,1472.05,-16.68,44.16,179.77,306.98,949.76,104.68,25.65,156.51,,983.03,309.66,673.37,652.8,693.93,-207.34,-379.77,106.83,1056.9,27.2,1139.54,983.03,28746.161657460005,28290.001657460005,24.825808359039616,6.755063111115888,24.75625,82.25183823529412,42.69224943196163,12.849560844787128,0.2523657046253913,0.023423455388400037,25.512132352941176,41.42734857982794,0.441667049278176,0.2047227576478028,0.6447747292750277,0.16078672960885584,0.2720984152226496,0.23472708734780812,inf,0.0,inf,3.6547111029662016,20.832562304133713,1712.66,7.5544087159807685,0.16569602934118438,inf,0.051772807409677046,0.016957843083352353,,0.16615000952496417,0.06402663175390089,,0.15728111956289936,0.10031850549327315,,0.15456349905453193,0.07998657941577325,,0.16615000952496417,0.06402663175390089,,,-0.15253201375450387,-0.02569058176655059,COLPAL
2018-03-31,216.0,6859.0,,10074.0,4142.0,430.0,3111.0,9466.0,1147.0,2359.0,3373.0,2164704405.0,1.0,34525.0,13859.0,71.0,259.0,2958.0,1745.0,7105.0,1394.0,507.0,478.0,20.0,7285.0,2048.0,5237.0,4320.0,5913.0,-1261.0,-4651.0,1.0,1333.35,216.45,7783.0,7305.0,288630.861840675,285257.861840675,36.65140200959463,8.262356606536567,24.194964194964196,247.6886116886117,55.10857504296352,5.383170388456358,0.03861984069514844,0.018145996321269134,27.31808731808732,48.808321917808215,0.7402120141342756,0.22192558691414527,1.0325088339222614,0.15168718320057928,0.2254308472121651,0.2115858073859522,365.25,0.0,389.15,8.335345243843554,30.100261551874453,17005.0,7.208562950402713,0.17126719768283852,inf,0.08262778300407647,0.038726578828890856,,0.166369710467706,0.06665801754255751,,0.1422072204285294,0.06238036381629608,,0.1382050483016517,0.05595127026719626,,0.16626193779868625,0.0664937267401835,,,-0.13870895937717198,0.06992783334776154,HINDUNILVR
2018-03-31,145.3,2358.5,3250.5,2886.7,1002.1,98.0,277.5,7263.4,2699.8,1869.4,119.8,145327743.0,10.0,8170.1,2645.9,17.7,23.9,1715.3,664.4,1937.0,173.4,215.0,135.1,267.5,840.3,278.6,561.7,0.0,946.3,155.0,-1033.3,68.0,625.93,72.66,1242.8999999999999,1107.8,9096.499417599,12227.199417599,9.837637314022851,1.496578917956818,7.730525736306084,177.75939994494908,80.96861990386326,3.5212202572344773,0.07661228136742511,0.01235046368812181,13.023671896504267,48.06094663425974,0.2243390047128365,0.04245012091898429,0.19251690040491456,0.06875068848606504,0.1521278809316899,0.13559197561841346,4.141308411214953,1.298226695422957,0.3532973280272882,8.152978744636265,3.0261871249722203,4367.400000000001,2.3362576227666634,0.11582477570653969,0.2911244423934779,-0.044164443820487675,0.00837108439541212,,2.3060623896409655,,,0.6442651144331257,,,0.7764592687620269,,,2.3060623896409655,,,,,1.558705846571716,MCDOWELL-N
2018-06-30,32.46,773.04,,619.85,250.11,21.48,,1153.76,148.47,123.61,399.59,32460736.0,10.0,2455.29,887.05,-61.64,11.82,95.54,115.74,581.36,80.62,17.94,52.37,5.32,581.77,207.18,374.59,129.84,415.47,-19.46,-106.1,289.91,9924.75,3.25,639.46,587.09,32216.4689616,31816.8789616,49.75585488005504,12.95850142410876,115.25846153846153,270.3184615384615,86.10864545236126,36.71502842800799,4.042190535537554,0.011613235752886626,127.83692307692309,77.63602065131056,0.46504034761018,0.1804783333493934,0.7288516449410305,0.15256446285367511,0.26044174007958326,0.23911228408864127,110.35526315789474,0.0,120.19924812030075,9.816840590140337,16.53728025863811,1056.05,8.543402637327077,0.16921422723995944,inf,0.05813221858300288,0.017061012955217336,,-0.13435629607376431,0.026679278339092338,,-0.13811275996387784,0.04580726483513353,,-0.1394039783637988,0.050428517377277604,,-0.13435629607376443,0.026679278339092338,,,0.18184143305253464,-0.4345965667167335,PGHH
2018-12-31,96.42,3577.32,35.14,4379.2,2400.62,105.2,2658.49,2923.77,124.59,965.55,1610.06,96415716.0,10.0,11292.27,3829.22,6.01,344.18,949.86,1124.15,2145.82,287.4,258.92,335.67,111.95,2428.95,822.02,1606.93,1108.83,2052.45,-52.41,-1317.42,682.62,1108.49,96.42,2876.5699999999997,2540.8999999999996,10687.585702884,9112.665702884,3.167892908180229,0.8069826264235623,16.665940676208255,133.5214312383323,66.51229723758969,8.301963135950619,0.09816361103657635,0.015034813734186374,21.28655880522713,52.07464532631733,0.4374098330311889,0.15041823144636193,0.6850855244709992,0.14230354038647677,0.25473797562403305,0.22501233144443053,22.69673961589995,0.00956518425364887,19.55653001563668,4.703897326523982,90.6354442571635,5117.249999999999,5.29982911294081,0.18175707807199082,58.40779738190096,0.12814398177749364,0.11367637794376706,,0.3115761636970593,0.4182739056535354,,0.26528843827662807,0.35192190296763637,,0.31571043910521923,0.4597192932980858,,0.3115761636970591,0.4182739056535354,,,0.29826320955154584,0.22119810051351574,NESTLEIND
2018-12-31,182.64,2406.3,2535.44,961.89,3321.82,339.23,774.5,1650.72,134.47,418.33,1.84,182641940.0,10.0,3862.28,1843.2,68.79,158.8,135.37,411.79,491.8,24.05,88.15,295.55,195.7,462.96,130.6,332.36,45.66,742.05,-704.45,-67.08,-29.49,116.21,123.3,954.21,658.66,2122.48198474,4656.08198474,4.879514975466616,1.2055267833352319,2.6955393349553933,202.15581508515814,43.11196594054639,0.5748536095835113,0.030088445167103364,0.023195416357932996,6.018248175182482,19.309605821710125,0.12837686466275774,0.05274149115791345,0.12853457393870088,0.08605279782926147,0.24705873214785048,0.1705365742514784,3.3656617271333675,0.9793351719236444,0.3493815769239219,1.1626999656814638,28.72224287945267,2068.58,4.944852150216336,0.19212744803587517,0.29267109456346824,0.26111559170506005,0.10481674308938804,,0.4106960950764007,0.29893906603061704,,0.23876721754144548,0.15376280317691338,,0.3262055773683681,0.22458446492707385,,0.4102384483302284,0.1708385228448599,,,-0.2969905721760703,0.25151096246783533,VBL
2019-03-31,102.22,4823.94,,1738.39,1343.51,32.0,3424.8,1864.24,353.18,615.12,97.24,1022166096.0,1.0,5679.31,2285.52,-27.75,94.14,212.0,351.5,1093.13,102.71,94.45,69.07,64.86,1473.08,-281.9,1754.98,1022.2,1082.16,459.92,-1548.5,-6.42,686.0,102.22,1607.0099999999998,1537.9399999999998,70120.5941856,70023.3541856,43.57368914045339,12.329553094583671,17.168655840344357,149.41174329876736,39.956535117209306,4.591339240505732,0.12078932123796728,0.025027195102542796,10.586577969086285,64.79903156649664,0.35625720642447667,0.22797603041793485,0.3121985481592153,0.30901289065044873,0.28295866927496466,0.27079698061912444,23.71168670983657,0.0,24.776595744680847,4.227218256656073,16.08049719689677,2619.41,4.258372350110547,0.19054427386425463,inf,0.0795073959042163,0.07636736807072086,,0.7552081770630181,0.34413858568263844,,0.14443099273607718,0.1532232645735898,,0.1469460809903793,0.1531753857061735,,0.7548647593019027,0.34387554485680605,,,0.2309886391140299,0.6538148827025378,GODREJCP
2019-03-31,27.2,1419.55,83.14,1096.59,1190.85,198.7,31.15,1205.78,209.79,248.57,399.35,271985634.0,1.0,4462.43,1583.06,24.48,46.45,201.48,296.96,1017.13,105.77,68.16,159.17,2.5,1142.55,366.99,775.57,625.6,983.0,-95.71,-814.68,72.61,1258.15,27.2,1304.22,1145.05,34219.87254171001,33903.66254171001,25.9953554934827,7.5975785708033525,28.513602941176472,79.38933823529412,44.124553554160165,15.847845919449474,0.2819427979822653,0.02266311881824621,36.13970588235294,34.81350966429298,0.5360774148954554,0.2360591570815921,0.7484525031211393,0.17379992515288756,0.2922667694507253,0.25659786259952533,458.02,0.057466735787109036,15.229098552078469,3.747264558928497,21.27093760427094,1806.51,7.26761073339502,0.2202835674733273,11.823430358431562,0.0655353309598683,0.04878839436810156,,0.15177391330175105,0.10096269752118947,,0.14451445320041434,0.11270751716605854,,0.16481694353173348,0.11087226204672995,,0.15177391330175083,0.10096269752118947,,,-0.01659303685574076,0.21375913320130135,COLPAL
2019-03-31,216.0,7443.0,,10206.0,4343.0,373.0,2949.0,10200.0,1673.0,2422.0,3688.0,2164704405.0,1.0,38224.0,15430.0,-12.0,269.0,3018.0,1747.0,7645.0,1466.0,437.0,524.0,28.0,8522.0,2486.0,6036.0,4752.0,5728.0,-264.0,-5462.0,2.0,1706.8,216.47,9074.0,8550.0,369471.7478454,365783.7478454,40.31119107839982,9.56947854346484,27.88377142329191,250.38351734651454,61.21123194168323,6.816742643797513,0.04465257429886982,0.016336871000288206,26.460941469949645,64.50261801675978,0.7880924402663533,0.23881305637982195,1.1163337250293772,0.15791125994139807,0.2373901213897028,0.22368145667643366,305.35714285714283,0.0,324.07142857142856,8.801289431268708,22.847579199043633,18729.0,7.7328654004954585,0.14985349518627042,inf,0.10713975380159302,0.07161857512039038,,0.15256826427343895,0.13419545702126467,,0.1658743415135553,0.13040381433805548,,0.17043121149897322,0.12775734498139313,,0.15246177669878436,0.13405571969589847,,,0.06151802872122758,0.06468474601574359,HINDUNILVR
2019-03-31,45.39,2019.01,54.34,464.3,1643.35,36.33,187.03,716.33,142.25,213.54,110.67,453935238.0,1.0,2488.7,889.94,14.47,22.18,37.08,243.76,573.96,29.83,27.41,318.04,19.29,396.5,91.25,305.24,181.56,512.61,20.18,-434.15,98.64,400.0,45.39,733.83,415.79,18157.40952,18101.079520000003,24.66658424975812,7.2733071563466885,6.724829257545715,89.87138356466181,59.481064080723364,4.45080496298583,0.16072648370635273,0.01681207314386429,11.293456708526108,35.41873939252063,0.1478589420654912,0.10130195110133182,0.1962439940719484,0.12265037971631777,0.2948647888455821,0.16707116165066102,21.55469155002592,0.02632241813602015,9.966453891077007,1.5144065476009372,17.49525483304042,934.73,4.377306359464269,0.20597500703178367,9.433382407066617,0.057226241402894784,0.04998414855291422,,-0.01382786249676915,-0.0277698997610496,,0.008409943521457741,0.019128461010593956,,-0.01564867424242422,-0.019541418229883534,,-0.013827862496769039,-0.0277698997610496,,,-0.11457580408207546,-0.05833076713240215,EMAMILTD
2019-03-31,24.03,4015.42,0.53,1612.99,1327.6,64.91,1645.67,2614.79,350.96,718.89,40.48,240318294.0,1.0,10482.45,6326.65,49.02,140.44,700.81,321.64,1037.83,341.97,190.52,135.0,1.54,1716.11,593.91,1122.2,360.45,1113.65,-831.1,-326.26,-43.71,3085.5,24.03,1852.6499999999999,1717.6499999999999,74150.2096137,74110.25961370001,40.002299200442614,7.069936857671633,46.69995838535164,191.1302913025385,66.07072268757797,16.143437960422446,0.2943491263969778,0.015135296835310855,46.344153141905956,66.57797782067973,0.27781009790936884,0.16753279519406905,0.42516299585641504,0.10705512547162162,0.17673826252450522,0.16385959389264912,1115.3571428571427,0.00013120598101226653,894.9999999999998,7.895789394395903,29.867933667654437,7118.879999999999,9.902599841422191,0.10623947645827073,2101.2264150943397,0.12665331049025919,0.10678331054279178,,0.18389264577113384,0.1370767270774791,,0.18273632063125222,0.14376736631976406,,0.18732934711229365,0.14296022449443657,,0.1829073002482282,0.13660333954271975,,,-0.09805230025995748,-0.05179561598474214,BRITANNIA
2019-03-31,1225.86,56723.93,11.13,11837.0,18486.4,3401.36,26578.0,21332.16,3646.22,7587.24,3768.73,12258631601.0,1.0,44982.55,17485.29,180.14,714.88,1788.28,2728.44,4045.76,968.57,2382.43,1311.7,58.04,18444.16,5979.84,12464.32,7048.7,11749.05,-5081.75,-6600.57,66.73,297.25,1225.86,19813.9,18502.2,364387.824339725,360630.22433972504,18.200870315269835,8.017113843917809,10.16781687957842,1272.1327636108526,29.234397464121585,0.23366271862716465,0.006608118036883191,0.03420628050320747,9.584332631785033,31.01415731484673,0.2150882686546405,0.1531266757781907,0.31921853552359075,0.2770923391404,0.440479697126997,0.41131950056188454,318.7835975189525,0.00019206281851927333,286.4522191701605,2.4332779773238706,12.336762455364735,19808.31,2.610739873788097,0.26119128417575255,1055.6199460916441,0.10740860642570782,0.07132907294958701,,0.11058026863876336,0.10142334069626036,,0.09428735377626052,0.08513485644669339,,0.09084798924610737,0.08448920318288122,,0.10566090520516691,0.0957698218947407,,,-0.01334723804061122,-0.014942011892515206,ITC
2019-03-31,176.63,3792.19,309.86,1300.1,1036.62,21.69,2962.14,1558.33,431.46,732.9,124.71,1766291141.0,1.0,6273.19,2511.23,-10.09,63.99,804.04,572.94,834.39,109.27,274.74,108.83,29.8,1503.35,239.06,1264.29,485.73,1123.57,417.78,-1619.39,-78.04,408.8,176.63,1641.9799999999998,1533.1499999999999,72205.98184408,72391.13184408,44.08770621084301,11.539763954874633,7.157844080846968,198.0996823869105,57.11216888530322,2.0636075488579966,0.06516620730441769,0.017509403328882015,6.361150427447206,64.265104977883,0.3185556412233359,0.1846714070369375,0.3583231276935877,0.2015386111372364,0.2617456190550581,0.24439718867115454,51.447986577181204,0.07807358358403757,4.834187128304775,6.0515811001138315,14.539447457469985,3389.35,4.6245736116796285,0.17910664271287813,3.626056928935648,0.12175691890084384,0.055151070226803656,,0.1793199944032462,0.10491500990676661,,0.0964661573802017,0.08305993559033031,,0.0990165015555331,0.07924792805521919,,0.1761151390711193,0.10341163709717338,,,0.01694018817877674,0.25599561369457535,DABUR
2019-03-31,129.0,3360.0,131.0,1138.0,643.0,42.0,1440.0,2633.0,430.0,1234.0,339.0,1290864398.0,1.0,5971.0,3142.0,101.0,33.0,690.0,307.0,820.0,70.0,301.0,104.0,24.0,1183.0,54.0,1129.0,612.75,785.0,-79.0,-704.0,2.0,346.65,129.09,1311.0,1207.0,44747.814356669995,44539.814356669995,33.97392399440884,7.459355946519845,8.745836238283369,155.02835231234022,39.63600398582816,2.2360426001406113,0.058055602076704065,0.0252295867251792,6.081028739639011,57.005157324840766,0.32358842075093147,0.16803095698764697,0.3334254143646409,0.18908055602076704,0.21956121252721486,0.2021436945235304,50.291666666666664,0.037546574949842364,8.458064516129033,9.28615863141524,13.886046511627907,3764.0,3.0502431118314424,0.1314687657008876,5.99236641221374,0.1549323017408124,0.07097167819993766,,0.5724233983286908,0.17765343987393423,,0.2740524781341107,0.08735786088386366,,0.2546777546777548,0.08273610368469564,,0.572423398328691,0.17744053764617718,,,0.05916377974929454,0.37051864554816527,MARICO
2019-03-31,63.11,4380.57,4.53,556.24,242.55,17.25,2816.33,1928.32,181.92,846.91,472.95,631129729.0,1.0,3429.66,1853.32,-0.16,,302.11,216.85,439.88,179.07,182.51,31.68,13.18,575.92,164.99,410.93,157.78,97.47,345.57,-247.16,195.88,203.95,63.11,620.7799999999999,589.0999999999999,12871.890822954998,12403.470822954998,19.980461392047104,3.616530741518109,6.511329424813817,132.521662177151,31.322328620446303,1.5389936758215854,0.0594665360414735,0.0319261065202933,1.544446205038821,132.05380629937417,0.09247515572678502,0.06332736423906377,0.1324352941969916,0.11981654158138125,0.1810033647650204,0.17176629753386632,44.69650986342943,0.0010194253411586795,35.052512704686606,14.140012368583795,18.852572559366756,2155.5899999999997,2.5452409346919977,0.02841972673676108,21.516556291390728,0.06599903024877829,0.04716582412121628,,-0.23092903129210962,0.21966231561284033,,-0.1878009210801761,0.15074563863644563,,-0.20080855220316918,0.1527372969329115,,-0.23092903129210962,0.21966231561284033,,,0.11953681192160426,-0.27079241394398557,TATACONSUM
2019-03-31,26.68,1288.26,337.02,580.63,713.94,16.0,155.39,1347.26,641.75,361.69,17.67,133409265.0,2.0,2063.48,531.02,41.7,45.28,570.76,171.55,399.27,36.57,13.29,42.44,35.87,285.71,97.64,188.06,16.01,308.69,-6.55,-225.93,76.21,395.1,13.34,364.02,321.58,5271.00006015,5590.35006015,15.357260755315643,2.709185482849361,14.097451274362818,123.2512143928036,28.02634265659896,3.205647927661061,0.19147265784015355,0.035680716968774534,23.140179910044978,17.074197414882246,0.1430179323771427,0.058084442659912895,0.19466573040509455,0.09113730203345805,0.17641072363192276,0.15584352646984703,8.965151937552273,0.25630066771107424,0.9762128241572582,2.8902708911112978,3.2153954031943903,1105.36,3.056097763277945,0.149596797642817,0.915939706842324,0.14850889984749482,0.07893772412377875,,0.5233697853381936,0.36804865635162565,,0.22656513242132226,0.17057259604988784,,0.2567609817101766,0.2049400035629576,,0.5222278289773703,0.36667992241490244,,,0.23317969576418562,0.3231562650998965,RADICO
2019-03-31,26.44,3155.45,211.49,1985.22,1752.19,189.92,25.68,3410.81,1510.02,1030.8,45.12,264405149.0,1.0,6472.43,1239.63,74.47,183.55,2054.49,443.86,1313.71,173.9,31.7,259.78,31.2,878.48,315.7,562.78,66.1,644.38,-429.7,-198.01,16.67,1394.8,26.44,1169.46,909.6800000000001,36879.230182520005,37045.60018252,31.677526535768646,5.723599974433095,21.28517397881997,145.78379727685325,65.5291801414407,9.567592737011651,0.2154986612446948,0.015260377099813573,24.371406959152797,57.231000341413456,0.17686972208341584,0.07238681761938202,0.2680748987734943,0.08695034168001817,0.18068329823574764,0.14054690433113992,29.156410256410258,0.06646678546398525,4.818739956322881,3.693908765601904,4.2863207109839605,3403.2000000000003,3.30151338766007,0.0995576622690396,3.046858007470802,0.1498917162486033,0.10181732656545739,,0.42841188862661483,0.236243335158556,,0.2793847365657274,0.14551311089075214,,0.3899278816770566,0.19393397917351352,,0.42841188862661483,0.23624333515855622,,,0.08407628892385643,0.20689714037198725,UBL
2019-03-31,145.3,2986.2,2582.5,2948.3,1128.2,117.1,298.4,7118.6,2518.1,1876.7,58.8,726638715.0,2.0,8980.6,2917.9,-80.7,22.7,1758.6,679.5,2081.7,152.1,68.5,144.5,220.0,991.4,332.8,658.6,0.0,857.5,-6.6,-911.9,-61.0,553.9,72.66,1355.9,1211.4,40248.51842385,42772.21842385,31.5452602875212,4.762735053765895,9.064134324249931,186.39826589595378,61.10897965381111,2.971594168741801,0.06167739349263968,0.01636420712087007,11.801541425818883,46.934546938775505,0.21031454574485073,0.050666215342954735,0.21200560028001403,0.07333585729238581,0.15098100349642563,0.13489076453689064,5.506363636363637,0.8246846559156954,0.48381801962533455,7.960113455061159,3.5664191255311546,4779.9,2.546970746523152,0.09548359797786339,0.33204259438528555,0.09920319212739126,0.028763127439942915,,0.17251201709097375,0.754712649707246,,0.09091640518143063,0.16204037684398376,,0.09351868568333654,0.16690336951305196,,0.17251201709097375,0.754712649707246,,,0.4353532845216517,-0.06251458138515709,MCDOWELL-N
2019-06-30,32.46,876.6,,707.98,234.22,14.55,,1368.27,181.37,203.42,540.45,32460736.0,10.0,2946.85,1274.53,37.73,12.48,153.7,134.5,720.47,70.84,44.53,49.78,5.48,607.33,188.2,419.13,285.65,412.97,34.32,-313.74,133.55,10714.85,3.25,662.59,612.8100000000001,34781.191712960004,34240.74171296001,51.677118146908356,11.6194382859528,128.96307692307693,302.1830769230769,83.08463364588553,35.45814050575556,3.6360350883146415,0.012035919954369582,127.06769230769231,84.32395210305833,0.4610586759949838,0.16581280437388485,0.6741139198732757,0.142229838641261,0.22484687038702345,0.20795425623971361,111.82664233576642,0.0,120.91058394160584,12.581547263256766,16.24772564371175,1402.98,6.8969619506439885,0.14013947096051718,inf,0.20020445650004692,0.09001898369080341,,0.11890333431218147,-0.002665877708895481,,0.036171144403090105,-0.01505496383946281,,0.04380929670067624,-0.015273835856069229,,0.11890333431218147,-0.002665877708895481,,,0.217009298003642,-0.008561991740410946,PGHH
2019-12-31,288.69,3578.43,3200.84,1305.6,5401.75,58.58,907.78,2005.45,130.53,672.98,32.42,288688720.0,10.0,5615.66,2744.35,132.41,220.19,192.63,631.57,734.63,19.61,98.01,387.2,281.61,634.29,185.75,448.55,72.17,1066.91,-2229.34,1193.01,30.58,157.47,129.92,1303.1,915.9,4545.9812738400005,7714.401273840001,5.920037812784899,1.373730117891753,3.4525092364532024,316.2333343596059,45.610305205662684,0.4979550948317561,0.02804122756719602,0.02192486973044518,8.212053571428573,19.175471595542263,0.1159907114338319,0.04901698301043284,0.12958477410738034,0.07987484997311091,0.2320475242447014,0.16309748097285093,3.252370299350165,0.8277064068350608,0.37419058421513585,1.0396001295876336,43.02198728261702,3024.76,4.49457636185325,0.18998835399579037,0.3333218780070232,0.4539753720600266,0.23522938139107286,0.22704664308954925,0.349590805151041,0.7113123133729833,0.6617340533145812,0.36563230316177764,0.20050369013663372,0.29018288559578087,0.39055051164485466,0.22055879009564427,0.3393867559850057,0.28082317022108505,0.6806459818940571,0.5451258824971241,-0.03602042986832088,0.4042678127868171,-0.09648275225807945,VBL
2019-12-31,96.42,1822.45,188.94,5065.13,2341.45,143.3,1751.05,2937.14,124.33,1283.07,1308.05,96415716.0,10.0,12368.9,4520.91,144.19,340.53,1028.55,1258.17,2226.13,212.92,246.88,370.15,129.12,2673.49,705.05,1968.44,3297.56,2295.25,82.99,-3601.53,-1223.29,1478.54,96.42,3172.7599999999998,2802.6099999999997,14255.449273463999,13136.339273464,4.1403507587917145,1.0620458790566663,20.41526654221116,115.32116158473346,72.4232523216354,12.821064058686462,0.11953690303907381,0.01380772014433912,23.80470856668741,62.111241389826816,1.0258329120784628,0.20199300365620024,1.3296312286211753,0.15914430547583053,0.25651108829402774,0.22658522584870117,21.7054677819083,0.09846420028454246,9.975350562786895,5.282581306455402,99.48443658006917,5745.8,4.478165649574848,0.18556621849962407,12.1480364136763,0.09534221197332338,0.10604739875498015,0.046492933648405455,0.22496935149633157,0.2526910679612009,0.1068875223943051,0.1029663800985201,0.1682370035698595,0.0833527491854591,0.10299893738439136,0.19646719907167265,0.09398372072865535,0.22496935149633157,0.25269106796120067,0.1068875223943051,0.1969408181529262,0.49815314562061896,1.3452442871930526,NESTLEIND
2020-03-31,45.32,1756.68,158.25,474.53,1422.08,8.05,160.96,843.69,181.69,225.89,57.3,453180768.0,1.0,2389.92,809.8,3.56,21.81,37.47,261.71,563.26,107.4,90.83,326.1,18.9,337.86,48.74,289.12,181.28,545.79,-251.39,-399.17,-104.77,169.95,45.39,682.86,356.76,7701.8071521599995,7802.757152159999,11.426584002811703,3.264861230568387,6.369684952632738,84.02191672174487,26.68106841449917,2.022686539784886,0.07111116690098412,0.03747975847386136,12.024454725710507,14.133697026328809,0.1604439511653718,0.09998582104778998,0.18199719423542915,0.12097476066144473,0.28572504518979713,0.14927696324563164,18.876190476190477,0.08781908990011099,3.8546994072819643,1.6805805580558058,13.153833452584072,865.52,3.8315994510602507,0.2283716609760996,3.448909952606635,-0.039691405151283665,0.012614759078584559,0.04651415930674374,-0.05281090289608181,-0.058444433653445094,-0.09323375976838333,-0.06945750378152982,-0.0450771652855394,0.021699650209828114,-0.14197070636619458,-0.09387775783470242,-0.09320619385147977,-0.05281090289608181,-0.058444433653445094,-0.09323375976838333,-0.16236199269416518,-0.07428715132921082,0.08511496784757422,EMAMILTD
2020-03-31,26.71,1493.82,400.28,539.58,743.43,18.08,155.39,1543.49,823.05,374.18,18.24,133534265.0,2.0,2394.67,679.7,26.31,50.27,637.0,186.27,434.94,60.7,-14.98,52.53,31.91,272.68,45.19,227.5,26.71,59.69,-67.31,9.48,1.85,268.2,13.35,357.12,304.59000000000003,3581.3889873,3963.4289873,11.098311456373207,1.6551044558540424,17.04119850187266,138.60662921348313,15.73832967032967,1.9349723856780041,0.11199873051401654,0.06353914430228434,4.471161048689138,59.984419500753894,0.1496188828895188,0.062196195506564106,0.15857372670904465,0.09500265172236676,0.14913119553007304,0.1271949788488602,9.545283610153557,0.2632503140352377,0.8263032462574331,3.2211102592039604,2.9095073203329083,1340.66,3.5829280025656103,0.024926190247508005,0.14912061556910164,0.16050070754259793,0.13055123726161022,0.11334332974659622,0.20972030203126657,0.4163497954301527,0.27454613523454574,-0.01895500247239157,0.1558248605006225,0.10591144535154728,-0.052832887617389024,0.17122690600619417,0.11397155381395518,0.20881414450165536,0.41457935634050247,0.2735899855193489,0.12901015297789598,0.24385323551924576,0.04615470523632803,RADICO
2020-03-31,102.23,5025.39,325.75,1487.22,1365.27,36.7,3593.18,1945.44,305.52,657.72,85.68,1022316352.0,1.0,5474.45,2322.87,76.9,94.18,231.72,319.22,1034.66,100.99,91.26,81.37,57.97,1399.63,219.74,1179.89,817.84,919.98,-191.36,-744.55,-15.93,520.85,102.23,1538.9700000000003,1457.6000000000001,53247.34719392,53487.41719392,34.755334537983195,9.770372766930011,11.54152401447716,151.38768365450454,45.12835560942122,3.440504454699754,0.09514197773292295,0.02215901701925153,8.999119632201898,57.87788375834257,0.23010480495824576,0.14836139678931096,0.2672842664260815,0.21552667391244784,0.28111865118870394,0.26625505758569357,25.144040020700366,0.06352849860169045,4.0106588137183365,4.009792934730859,17.918466876145587,2571.8699999999994,3.9102809706257973,0.16804975842322062,2.8241903300076747,-0.03607128330730325,0.048599443428227085,0.04325692204446696,-0.3276903440495048,0.11651106207361939,0.12510488329636393,-0.04233950006533849,0.08649356988205303,0.111413702710903,-0.05223870892232452,0.08434691709256859,0.10978830231917791,-0.3277561084685551,0.11632900639238652,0.12490671227696915,0.03531266410521172,0.058858118141669635,-0.35410484108473494,GODREJCP
2020-03-31,92.16,10757.85,180.51,1019.91,6452.54,28.15,3049.42,2520.32,314.17,919.95,737.77,921551715.0,1.0,5690.24,2967.31,-44.36,,545.82,283.44,805.73,239.56,65.94,114.82,25.73,729.41,205.87,523.54,248.83,745.03,-708.24,-197.98,-161.19,294.85,92.16,869.96,755.14,27171.952316775,26614.692316775,30.593006939140878,4.677253036212005,5.680772569444445,208.89014322916665,51.9031516216526,1.4115074815977773,0.051816795073670006,0.019266652770712038,8.084092881944445,36.47286149551025,0.048252490089870884,0.0374112934171873,0.06845914789148652,0.09200666404228995,0.15288634574288607,0.13270793499043979,29.34862028760202,0.016636851025943755,4.218192397207138,0.8818604766495054,18.11197759174969,3557.4900000000002,3.8670471221262024,0.1309312085254752,4.127361365021328,0.6591265606503269,0.22919033944269906,0.14554302662473972,0.2740369405981553,0.23788489102530375,0.12618672868383496,0.4013982409227106,0.23755740642669054,0.16627256839926963,0.2818536750976066,0.201571434625623,0.14527908257661903,-0.12755564972710942,0.0911023728080278,0.0398143536148019,-0.16021195627324025,-0.12861857393194587,-0.478211312966789,TATACONSUM
2020-03-31,176.71,4397.52,150.65,1375.23,1134.28,105.83,2466.83,2393.17,379.63,809.14,525.6,1767063892.0,1.0,6309.8,2531.18,69.89,66.48,854.86,579.63,846.21,118.8,175.14,129.93,19.27,1408.47,238.12,1170.35,530.13,1154.77,-330.28,-826.0,-1.51,450.05,176.71,1557.67,1427.74,79526.71045946,79151.76045945998,50.814203560099365,12.544258210951217,6.622998132533529,201.59551864636978,67.9526086213526,2.232440497794291,0.07132555706995468,0.014716138501352135,6.53483107916926,68.86941598759927,0.25585726996674846,0.15182295213818242,0.30217487004960975,0.18548131478018318,0.24686519382547784,0.22627341595613173,74.09133367929424,0.032934504823762686,9.167078625235405,5.562823994075537,16.620920369833787,3382.63,4.1805250018538205,0.1830121398459539,7.665250580816462,0.0058359463048307525,0.060479279302940725,0.03087723088725447,-0.07430257298562837,0.05442059301264046,0.08944690567318458,-0.05134654502490876,0.039687998204484654,0.08158274113726782,-0.06875387274565425,0.0289521926162708,0.07675637466699237,-0.07472165393272334,0.053305582773181426,0.08813674257199278,-0.047545797770744525,-0.021296748395319587,-0.19682078463846853,DABUR
2020-03-31,26.44,3491.53,252.17,1773.62,1900.75,199.12,25.68,3418.21,1349.77,1092.29,73.31,264405149.0,1.0,6504.55,1297.12,9.55,172.95,2076.68,499.77,1363.55,229.63,9.11,284.97,31.12,567.42,140.19,427.23,66.1,506.62,-401.73,-94.88,10.01,918.85,26.44,883.51,598.54,24294.867115865,24473.727115864996,27.700566055692633,3.7625549985571634,16.158472012102873,158.49484114977307,56.86490649064907,5.7973495751304185,0.14126265460331613,0.017585538457966884,19.161119515885023,47.95387864671746,0.12144219535698143,0.054354892678253594,0.15875803020577484,0.06568171510711733,0.13582953471031817,0.09201866385837605,19.233290488431876,0.07168054304044662,3.118747573158248,3.4220965408391426,4.819006201056476,3537.2,3.238334142031878,0.07788701754925398,2.009041519609787,0.00496258746714906,0.11171295024300587,0.06749655522571296,-0.24085788407548236,0.23045846028311012,0.10482841393754483,-0.24451456227660628,0.08444483747546894,0.060598298143092366,-0.3420323630287575,0.1382908484573635,0.058256711579931286,-0.24085788407548248,0.23045846028311012,0.10482841393754483,-0.02847634208527161,0.07294642793702844,-0.3133805270542208,UBL
2020-03-31,129.0,2759.0,110.0,1138.0,701.0,55.0,1093.0,2287.0,465.0,1165.0,80.0,1291018088.0,1.0,5853.0,2635.0,-138.0,33.0,697.0,308.0,859.0,63.0,287.0,113.0,33.0,1261.0,254.0,1007.0,870.75,970.0,128.0,-1081.0,17.0,274.85,129.1,1407.0,1294.0,35483.63214868001,35513.63214868001,25.24067672258707,6.067594763143688,7.8001549186677,150.3710302091402,35.23647964250248,1.827812176439378,0.04695882453442679,0.02837967952944406,7.513555383423703,36.58055154639175,0.34868421052631576,0.1738905197720601,0.43162108072048033,0.17204852212540578,0.24038954382368016,0.22108320519391764,39.21212121212121,0.038088642659279776,9.839160839160838,8.349500713266762,12.587096774193549,3503.0,3.0068669527896996,0.1657269776183154,8.818181818181818,-0.019762183888795803,0.06460837235615435,0.0456931558905036,-0.10806023029229406,0.0611712914249265,0.13057532917376946,0.07322654462242562,0.0491402466315205,0.11877222173026558,0.07207953603976791,0.03881275335629253,0.11584886106925985,-0.10812931935268966,0.06103427769952696,0.13040012765765607,0.08425253507884012,0.06559154782229393,0.07755465945643558,MARICO
2020-03-31,216.0,7815.0,,11571.0,5056.0,513.0,1500.0,12533.0,1046.0,2636.0,5017.0,2164704405.0,1.0,38785.0,15378.0,121.0,263.0,2860.0,1691.0,7523.0,1591.0,536.0,938.0,106.0,9092.0,2354.0,6738.0,5400.0,7305.0,1926.0,-6676.0,2555.0,2298.5,216.48,10136.0,9198.0,497557.30748925,492540.30748925,48.593163722301696,12.699247324719607,31.125277161862527,252.10033259423503,73.84673196794301,9.117401696171191,0.05926260152120665,0.013541560653409845,33.74445676274945,68.1148911704312,0.8389988793425476,0.24247876781344466,1.1453119163242436,0.1737269562975377,0.2613381461905376,0.2371535387392033,86.77358490566037,0.0,95.62264150943396,7.671083860759493,37.0793499043977,18380.0,6.972685887708649,0.1883460100554338,inf,0.01467664294683968,0.06742267828099524,0.0471448674202779,0.11630218687872773,0.14488418231867795,0.09321305113255707,0.11703769010359277,0.14153217660532813,0.0932309926220316,0.07578947368421063,0.12745157463156165,0.08193448422418381,0.11625062081318438,0.14479603157822596,0.09308172089732913,-0.06250057946748755,0.06639944941525777,0.06459450246596621,HINDUNILVR
2020-03-31,27.2,1566.96,101.5,908.31,1122.86,190.03,18.62,1272.46,132.56,296.92,421.27,271985634.0,1.0,4525.08,1594.44,21.56,45.35,220.48,333.76,1034.09,116.84,49.24,197.94,9.62,1043.36,226.89,816.47,761.6,929.58,-18.66,-891.1,19.82,1252.7,27.2,1250.9199999999998,1052.9799999999998,34071.64037118,33751.870371180004,26.981637811514734,7.4588450085258176,30.017279411764708,84.80882352941177,41.73262949036707,14.770868735911218,0.2768348846871216,0.023962065468000882,34.17573529411765,36.65466124486327,0.5121631454810056,0.2500911265694446,0.6209853390420248,0.18043216915502047,0.27644152147586337,0.23269864842168533,109.45738045738044,0.0636698951171777,11.257379409647227,4.029959211299717,34.13608931804466,1838.71,6.192610804257039,0.20542841231536238,9.158423645320198,0.014039435912720055,0.04355388520712844,0.025903024003230524,0.052735407506737,0.12239820311271599,0.07872015315359104,-0.04086733833249001,0.08304443851959786,0.07897415654161777,-0.08040696912798584,0.0733887964332578,0.06174857148423851,0.052735407506737,0.12239820311271599,0.07872015315359104,-0.06731144907260567,0.04152590196588646,-0.04460973126262635,COLPAL
2020-03-31,145.3,3664.4,2269.5,2475.3,1334.7,118.7,252.6,6848.5,2283.5,1836.1,34.5,726638715.0,2.0,9090.9,3419.2,-107.4,21.2,1681.5,518.4,1841.3,-4.2,46.8,227.5,190.7,1134.7,430.0,704.7,0.0,667.0,26.5,-717.3,-23.8,484.6,72.66,1552.9,1325.4,35212.9121289,37447.9121289,24.11482524882478,4.119274453453454,9.698596201486376,195.73214973850813,49.96599404001702,2.4758324099919715,0.053306053306053314,0.020013611641531936,9.179741260666116,52.79015892053973,0.184975194897236,0.055973439026521264,0.2180221081721279,0.07751707751707752,0.17081917081917083,0.14579414579414582,6.950183534347143,0.5957161981258366,0.6312088448093651,6.811193526635199,3.981125465294504,5229.299999999999,2.848047491966668,0.07337007337007337,0.2938973342145847,0.012282030153887291,0.02075354464436896,0.02671080328732489,0.06999696325539029,0.6067080300140504,,0.14529095066007813,0.271236580813081,,0.09410599306587408,0.28572163900436465,,0.06999696325539029,0.6067080300140506,,,0.28255605526205385,-0.12048311141710533,MCDOWELL-N
2020-03-31,1229.22,62799.94,332.01,10874.19,20517.55,2780.2,30630.61,21307.0,2092.0,8038.07,6843.27,12292231241.0,1.0,45619.7,17411.47,176.34,744.55,1805.34,2658.21,4031.93,1159.49,2825.47,1563.27,80.44,19166.81,4030.76,15136.05,12476.58,13806.18,-5516.71,-7890.87,398.6,171.7,1229.22,20810.52,19247.25,211057.61040797,204546.35040797002,9.828987954552314,4.483728529735401,12.313540293844877,1280.3092598558435,13.943999524314467,0.13410822321111115,0.0037637248820136917,0.07171543560771623,11.23165910089325,15.287144887289603,0.23639307465536014,0.16925309045773995,0.2990506542997897,0.3317875829959425,0.4561739774702596,0.42190654476026807,239.27461461959226,0.005185293700557683,50.45586131652322,2.2234477313324446,21.80673996175908,19785.02,2.461414244961788,0.3026363610457763,41.58362699918678,0.014164381521278635,0.04410160325851953,0.04567279090588272,0.21435024132884894,0.14057720525084827,0.09516196610041394,0.05029903249738821,0.07855975249989999,0.06713716530451364,0.040268184324026235,0.07373065324093231,0.06457943136732447,0.2110308869326749,0.13608090248998894,0.09032800214422587,-0.054347913021389194,0.016628600586615194,0.09905145517223901,ITC
2020-03-31,24.05,4250.6,1202.73,1775.96,1460.53,38.92,3141.17,2612.72,242.23,633.53,39.16,240468296.0,1.0,10986.68,6596.22,-61.51,134.93,662.66,368.87,1039.13,352.67,354.43,151.69,65.17,1908.26,423.96,1484.3,841.75,1659.68,-1568.34,-94.25,-2.91,2688.95,24.05,2125.12,1973.43,64660.722452919996,65824.29245292,30.97438848296567,5.991281483844072,61.71725571725571,200.79012474012475,43.56885232095938,13.3918438642349,0.24474636559907084,0.022952176766862797,69.00956340956341,38.96488931601272,0.34723310680406577,0.18258554815028036,0.3602872176113397,0.13509995740296432,0.19342694972457555,0.17962023104340893,30.28126438545343,0.2813633864760857,1.676094329205773,7.522392556126886,45.35639681294638,7455.320000000001,11.767903650971542,0.1510629234673259,1.3799273319863976,0.048102304327709566,0.09298690005505494,0.08892239604903307,0.32266975583674906,0.2072010243776803,0.18984126088518982,0.14707041265214693,0.16358473477871716,0.1624708384934106,0.1489127587110297,0.16362934194836387,0.17427977298760244,0.32156982256786204,0.2063638528024001,0.1892469837580768,-0.0711694464871031,0.02046245991393869,0.24989375626419852,BRITANNIA
2020-06-30,32.46,1125.4,,670.54,206.5,22.15,,1599.75,166.34,205.05,902.5,32460736.0,10.0,3001.99,1114.57,7.82,11.58,310.55,174.16,687.81,104.86,41.54,47.88,6.07,593.87,160.79,433.08,340.83,473.75,74.72,-190.33,358.14,10151.65,3.25,647.82,599.94,32953.003061439995,32050.503061439995,49.47439576030378,10.676418995879398,133.2553846153846,378.73692307692306,76.18191211785351,26.80396175140853,3.381640178681475,0.01312647546116982,145.76923076923077,69.64192612137202,0.3740348574093586,0.1406039985195478,0.518145544366331,0.144264304677897,0.21579685475301386,0.19984743453509177,98.83690280065899,0.0,106.72487644151565,14.537481840193703,18.047312732956595,1428.8799999999999,6.968446720312118,0.15781198471680452,inf,0.018711505505879078,0.08963771833505674,0.051645803898581866,0.033283229546918536,0.00026953348911007424,0.04583523089440256,-0.022291311369021516,-0.04420708582670729,0.02990978972347058,-0.021001615508885352,-0.041922098074925085,0.034428623463304664,0.033283229546918536,0.00026953348911007424,0.04583523089440256,0.058326852376773486,-0.23099948968617368,-0.18874781696239462,PGHH
2020-12-31,96.42,1922.92,147.49,5732.9,2179.41,638.58,1463.77,3617.97,164.93,1416.48,1769.87,96415716.0,10.0,13350.03,4901.74,69.33,313.68,1040.36,1500.95,2246.9,214.23,145.85,370.38,164.18,2812.79,730.36,2082.43,1928.4,2454.48,-321.46,-1955.89,177.13,1839.03,96.42,3347.35,2976.97,17731.139419548002,16108.759419548005,4.812391718687321,1.2066459340951297,21.59749014727235,116.36316531839867,85.15017196256296,15.804228038726471,0.13775474661854692,0.011743957492413038,25.45612943372744,72.24311161630978,1.0312428813374666,0.19622555814266854,1.3738825842359577,0.15598691538520884,0.2507372642608294,0.22299350638163357,18.132354732610548,0.07303871561995504,10.740045561010042,6.125524797995789,80.9436124416419,6186.45,4.367481362250085,0.1838557666162548,16.641670621737067,0.07932233262456645,0.1007495239568501,0.10305102466397487,0.05790880087785233,0.1934081225946871,0.2988851694995551,0.055027799140180855,0.13764100981642602,0.23519691448632596,0.062213436760733876,0.15517842333488563,0.2951467673250081,0.05790880087785233,0.19340812259468732,0.2988851694995551,0.3883921019054728,0.42261105959650314,0.005273733368568179,NESTLEIND
2020-12-31,288.69,3723.08,3051.54,1233.26,5263.41,39.01,1352.17,1641.98,170.53,679.06,36.48,288688720.0,10.0,4876.45,2218.81,3.14,203.07,185.89,695.42,686.8,29.61,5.46,412.82,249.95,202.68,-23.75,226.43,72.17,719.67,-227.97,-487.65,4.05,203.57,129.92,865.45,452.63,5876.83627304,8891.896273040002,10.27430385699925,1.8234363672425642,1.742841748768473,317.3467118226601,116.80349070352867,0.6414750568260468,0.04174553209814517,0.008561387968602806,5.539331896551724,36.74991926855364,0.05644142111835923,0.024763687944503444,0.06408185397497775,0.04643336853653785,0.17747541756810797,0.09281957161459668,1.8108821764352871,0.7606467968004148,0.2621392159297772,0.9264811215542775,28.595848237846713,2604.63,3.835640444143375,0.14758071958084262,0.23583829803967832,-0.13163368152630328,0.1677188883344134,0.11231079580134584,-0.49519563036450787,-0.013146027936197235,0.083473541746792,-0.33585296600414394,0.03959115103081201,0.06853689857724032,-0.5058084943771154,-0.03046319871873926,0.04763417342633014,-0.49519563036450787,-0.030305474024237555,0.007443404685932631,-0.31324959434198696,-0.18056355074796016,-0.5133970606727692,VBL
2021-03-31,27.2,1138.66,91.18,1636.97,1064.72,144.85,18.61,1665.83,117.08,335.82,867.64,271985634.0,1.0,4841.22,1573.17,23.8,40.96,206.96,367.29,1039.32,127.0,29.66,182.5,7.26,1350.22,314.83,1035.39,1033.6,783.86,71.35,-956.46,-101.24,1559.35,27.2,1539.98,1357.48,42412.07983779,41635.61983779,27.036467900745464,8.600232965614039,38.065808823529416,69.0625,40.964583393697055,22.578823529411764,0.32209856193273595,0.024411330890133337,28.81838235294118,54.109560380680215,0.8880911944830425,0.25441433029461635,1.0799019919811619,0.2138696444284705,0.31809750434807754,0.2804003949417709,186.98071625344355,0.07820836120975073,15.643843965867532,4.546941919002179,41.34967543559959,1797.2900000000002,5.351944494074207,0.16191373248891808,8.59684141259048,0.0698639582062639,0.049503164102583375,0.045898172566015916,0.26812987617426254,0.15420619450944795,0.12243229960498603,0.2310779266459888,0.105592715974274,0.10220266862885263,0.2891792816577716,0.11358205204522198,0.10199664267375175,0.2681298761742623,0.15420619450944795,0.12243229960498603,0.09518119509437106,0.2621787227114647,0.7340005861784109,COLPAL
2021-03-31,176.74,5214.48,179.87,1933.07,1204.81,107.26,3573.9,2618.19,281.24,1114.16,834.74,1767425349.0,1.0,7184.73,3065.28,176.71,70.72,880.46,657.22,1000.75,127.81,276.65,143.4,9.14,1683.31,301.42,1381.89,839.52,1704.17,-1120.37,-555.04,28.76,540.5,176.74,1835.8500000000001,1692.45,95529.34011345,94874.47011344999,51.67877011381648,13.205015374753122,7.818773339368565,206.24367771868282,69.12849069028648,2.6206863937775786,0.07522899259958273,0.014465815614002895,9.64224284259364,56.05542287447848,0.25632231665559935,0.14354256344629296,0.3037915381011616,0.19233708156047621,0.2555210842996188,0.23556208792814765,185.16958424507658,0.03336350584839796,9.71297814930427,5.963371817962998,25.546614990755224,3839.75,3.4463183025777266,0.23719332528849382,9.474453772168788,0.13866208120701118,0.0871102464973097,0.06114122824320001,0.18074934848549606,0.08831047924612845,0.08074361461728996,0.1785872489038114,0.07025727232873114,0.07271748767308983,0.18540490565509127,0.06654324901414577,0.06772392459603016,0.18054892707294323,0.08709811643762122,0.07972663263294688,-0.03284190731245917,0.0035285842684602553,0.0018176020126821069,DABUR
2021-03-31,92.16,11131.94,244.24,1963.42,6571.35,62.9,2892.96,3904.55,257.23,1408.37,1613.69,921551715.0,1.0,7154.36,4350.26,116.9,,588.63,321.58,857.87,234.35,71.91,126.21,28.13,836.14,216.63,619.51,373.25,1064.23,-332.05,-330.68,401.5,638.9,92.16,990.48,864.27,58877.93907135,57508.48907135,58.0612319999899,8.038243682362923,6.722113715277778,212.94927951388888,95.04450937030879,3.0002449478037794,0.08930218775683639,0.010521386312846734,11.547634548611112,55.32734841152757,0.05519462584973405,0.03721194246808204,0.07536138621631377,0.0865919523199839,0.13844424938079716,0.12080325843262012,30.724137931034484,0.021760319312907048,3.6365238462385725,1.0887199738257738,27.813085565447263,4821.990000000001,3.423809084260529,0.148752648734478,4.357312479528333,0.2573037341131481,0.3052454169604508,0.19089430989366818,0.1833097757573443,0.050547346633702306,0.2229250973658483,0.1385351050623016,0.09024347350995177,0.19445337346106695,0.1445162486426359,0.05447692638237034,0.17579142922042346,0.18330977575734408,-0.07402157424362688,0.1337335552032679,-0.034844318621308545,-0.24216562610370984,0.14387103643632382,TATACONSUM
2021-03-31,145.3,3981.5,713.4,3301.0,1300.8,86.5,202.1,6551.8,2160.1,1981.0,55.3,726638715.0,2.0,7889.2,2828.4,-130.2,18.0,1708.4,545.2,1577.0,94.3,-103.6,249.3,165.8,469.0,158.7,310.3,0.0,1728.2,13.4,-1719.5,22.1,556.35,72.66,884.0999999999999,634.8,40426.544909025,41084.644909024995,46.470585803670396,5.207707360572047,4.270575282135976,200.09631158821912,130.2751885272317,2.7804110709692647,0.07052045834812148,0.007676058743841064,23.784750894577485,23.391037495660225,0.07519143161771832,0.02532833786353879,0.13115160530556588,0.03933225168584901,0.11206459463570449,0.08046443238858185,3.828709288299155,0.17287002035475427,1.0055732484076432,6.0648831488314885,3.6522383222998935,4685.0,2.364967188288743,0.21905896668863764,2.422483880011214,-0.13218713218713218,-0.011594398572681852,-0.008860563609800254,-0.5596707818930041,-0.179473804497976,0.20546779954121397,-0.4306780861613756,-0.10733521838813564,0.004586822526283507,-0.5210502489814397,-0.16940014219602162,-0.0359694295000641,-0.5596707818930042,-0.179473804497976,0.20546779954121397,0.011195418232102572,-0.3053684233377564,-0.59350532562222,MCDOWELL-N
2021-03-31,24.09,3295.44,1798.02,2298.46,1403.84,111.66,2950.34,2950.17,198.36,991.28,110.8,240868296.0,1.0,12378.83,7418.19,43.22,129.42,685.43,402.85,1063.01,371.83,292.7,166.77,97.81,2379.44,619.41,1760.03,3794.18,1791.56,486.16,-2221.65,56.07,3625.05,24.09,2644.02,2477.25,87315.96164148001,89003.18164148001,33.66206822999826,7.189951040726791,73.06060606060606,160.88701120797012,49.61702613023642,22.531651080981856,0.2928426999966879,0.020154371956416065,74.36944790369448,48.74380679407891,0.5302045771539946,0.20454072673476054,0.48406952545651727,0.14218064227394672,0.21359207614936146,0.2001198820890181,25.327164911563234,0.5416489683780534,1.3946503642204207,8.817835365853659,62.405878201250246,8189.819999999999,8.261863449277701,0.14472773275018722,0.9964071589859956,0.1267125282614947,0.09985567189598199,0.09870454447360721,0.18576433335579057,0.22910044610510782,0.181853984430979,0.24417444661948506,0.1906563421946197,0.1638496806482932,0.2553016828567518,0.19637902011171438,0.1658044342998941,0.18379544280642457,0.22773837218578175,0.18096958285311526,0.06966528695264329,0.21861298464451506,0.5269413162644503,BRITANNIA
2021-03-31,26.44,3553.18,261.97,2002.94,1942.04,127.99,13.71,3760.79,1394.82,1135.29,468.05,264405149.0,1.0,4240.73,755.94,9.95,114.51,1411.04,482.29,937.83,169.57,42.98,231.85,22.67,167.96,55.11,112.85,13.22,619.17,-150.59,-88.17,380.41,1241.45,26.44,422.48,190.63,32824.577222604996,32618.497222604998,77.20719850076925,7.691717516230696,4.268154311649016,160.82653555219363,290.86342933097035,7.719186362732459,0.29274440957099374,0.003438039640459959,23.4179273827534,53.012804237931434,0.03152569267128913,0.012949384373529785,0.04962268227478726,0.026610984429567552,0.09962435712719274,0.04495216625439488,8.408910454344948,0.07318374576072322,1.4842608206857784,2.183647092747832,3.0403421229979495,2271.54,2.0008455989218614,0.1460055226340748,2.363514906286979,-0.34803637453782366,-0.09006563192642436,-0.026041593157717702,-0.7358565643798423,-0.34081782537098604,-0.17644054109226515,-0.5218163914386933,-0.22683180148302018,-0.11495735954827868,-0.6815083369532529,-0.3371250265382064,-0.18632924345241708,-0.7358565643798423,-0.34081782537098604,-0.17644054109226515,-0.2565733316046509,-0.40081564187749563,-0.74040577429765,UBL
2021-03-31,44.45,1714.88,51.49,493.28,1099.66,6.32,264.32,933.8,99.72,269.25,307.93,444513740.0,1.0,2582.29,854.11,8.16,20.9,35.2,272.75,526.39,36.39,102.66,361.15,12.01,574.21,99.09,475.13,355.6,878.4,-199.96,-678.77,-0.33,486.0,44.45,947.37,586.22,21603.367764,21346.927764,22.5328306406156,8.266665542599785,10.689088863892012,83.02997750281216,45.4669248416223,5.853307619932085,0.18820504281083844,0.021994010008008255,19.7615298087739,24.593237704918035,0.27006303536005183,0.1597247435018221,0.32373179001778196,0.1839956008039376,0.3668720399335474,0.22701555596002,48.810990840965864,0.029266823165636918,14.919212598425197,2.348262190131495,25.895407139991978,902.0500000000001,3.350232126276695,0.34016318848773763,17.059623227811226,0.0804922340496752,0.031335894811866716,0.03732809075548471,0.6433660763696734,0.15356280767519315,0.07422594960022,0.38735611984887086,0.09191063263848198,0.06444246312192692,0.6431774862652766,0.11543835496416777,0.058509766636399396,0.6781189247788408,0.1616377524785313,0.07873140555668767,0.04861083649175124,0.19813377332628201,0.6832235394258903,EMAMILTD
2021-03-31,129.0,2906.0,269.0,1178.0,669.0,14.0,1343.0,2456.0,310.0,873.0,711.0,1291349998.0,1.0,6337.0,3241.0,-56.0,22.0,624.0,374.0,774.0,92.0,286.0,107.0,22.0,1311.0,205.0,1106.0,967.5,1564.0,-583.0,-992.0,-11.0,411.3,129.14,1440.0,1333.0,53113.22541774,52671.22541774,36.57723987343056,8.311697241240335,8.564348768778071,151.50271023695214,48.02466726943942,2.71480291908126,0.06490452895691969,0.02082263255234153,12.110887409013475,33.96117774936061,0.3644151565074135,0.17384470292360893,0.4034503631961259,0.174530534953448,0.22723686286886538,0.21035190153069275,60.59090909090909,0.08863261943986821,4.948453608247423,9.472346786248131,20.441935483870967,3943.0,4.516609392898053,0.24680448161590657,5.814126394052044,0.08269263625491208,0.07019862341541083,0.05446973389436205,0.0983118172790467,0.15489781824865023,0.09855736485835509,0.023454157782516027,0.11853361176253241,0.0714587582352626,0.030139103554868596,0.11485493113005574,0.06988758249673177,0.09797162467651321,0.15474874916339876,0.09835312773615268,0.059982180338326474,0.15565837020916629,0.04511516583258235,MARICO
2021-03-31,1230.88,57773.74,329.35,12246.39,22187.79,3333.47,26984.13,19074.97,2090.29,9470.87,4001.53,12308844231.0,1.0,45485.13,20501.48,526.86,672.11,1482.64,2820.95,3906.74,1038.06,3194.95,1561.83,58.94,17164.19,4132.51,13031.68,13231.96,11493.86,6554.96,-18378.89,-330.07,218.5,1230.88,18784.96,17223.129999999997,268948.24644735,265276.06644734996,14.121726447506408,5.832149241902793,10.587287144157026,1277.816939425452,20.637959188684807,0.17099475931055094,0.00480376773684059,0.04845440340575298,9.337920837124658,23.3992131451053,0.22085863784903625,0.1554915321136319,0.29027435716841465,0.2865041827955642,0.4129912347178078,0.37865407881652746,292.214625042416,0.005581766309146641,48.37868603363465,2.050007233708269,21.76020073769668,22129.37,2.336572036148738,0.2526948917151606,34.89861849096705,-0.0029498221163225535,0.03843126281165721,0.04452492588574186,-0.13903032825605088,0.05105939050073105,0.06915071001086437,-0.0973334640364586,0.012334169791662353,0.03910226138656392,-0.10516411435399875,0.005119382654576343,0.03493453984024697,-0.14019145659926469,0.0480764836733405,0.06498378765579815,-0.002763571438986867,0.0038137823602053533,-0.06571443274711708,ITC
2021-03-31,26.71,1737.19,288.2,542.92,809.9,37.78,155.39,1591.95,697.46,490.97,129.98,133534265.0,2.0,2374.09,670.85,38.18,46.88,626.29,124.24,454.21,80.54,20.07,53.9,22.33,353.1,82.54,270.56,32.05,370.18,-76.37,-182.81,111.0,560.05,13.36,429.33,375.43,7478.586511325,7636.806511325,17.787730909382063,3.2167299939450484,20.251497005988025,156.73919161676648,27.654745712596092,3.5731331406209135,0.23590091361321597,0.03616015892507459,27.70808383233533,20.212512831595436,0.15338738023697487,0.06981022538154891,0.18294917401686078,0.11396366607837108,0.18083981651917153,0.15813638067638547,16.812807881773402,0.16338794716253754,1.3825717321997875,2.931337202123719,3.403908467869125,1305.84,2.6597144428376476,0.15592500705533488,1.2844552394170716,-0.008594086032731041,0.0973464421765593,0.07640872617011252,0.18927472527472533,0.2989452077307806,0.2979392267577503,0.202200940860215,0.13097290873160206,0.1359839878733189,0.23257493680028873,0.13631187110536414,0.1535256136662071,0.18838454958215434,0.2979722147017152,0.2967713131438956,0.1499941901373798,0.12375099895247854,0.025187311084515995,RADICO
2021-03-31,102.25,6256.93,43.56,1292.85,1390.13,37.42,4568.18,1699.86,247.46,702.83,83.71,1022486273.0,1.0,6254.33,2750.61,41.2,80.47,234.37,417.09,1053.15,107.09,49.36,83.38,24.81,1593.92,369.58,1224.34,0.0,1374.02,-1019.14,-355.86,-0.98,729.65,102.25,1702.1100000000001,1618.73,74605.710909445,74565.56090944499,43.8077215394099,11.92223002455019,11.973985330073349,163.44246943765282,60.93626974533218,4.46426196636936,0.11666317575183913,0.01641058772024032,13.437848410757946,54.29812702871865,0.19253111250192634,0.14085550558721238,0.2528183246547572,0.195758778318381,0.27214905513460275,0.2588174912420675,65.24506247480855,0.006849939772108983,24.895568231680564,4.49909720673606,25.274104905843366,3024.25,4.302960886700909,0.21969099807653258,31.54315886134068,0.1424581464804684,0.0593438424078121,0.06549976248666378,0.03767300341557256,0.06984164684104477,0.11120043415926939,0.10600596502855786,0.06623487813664419,0.10189914434413971,0.11054473106476381,0.06477866750552108,0.10048524223474842,0.03747003559094364,0.06966723509246342,0.1110047505048235,0.0016128309405778474,-0.0367447470931046,-0.16328947352115242,GODREJCP
2021-03-31,235.0,47199.0,943.0,19739.0,51027.0,623.0,2995.0,13471.0,1648.0,3383.0,4321.0,2349567819.0,1.0,45996.0,19784.0,391.0,304.0,2847.0,2229.0,7783.0,2116.0,286.0,1012.0,108.0,10490.0,2536.0,7954.0,9517.5,8957.0,-1067.0,-9280.0,-1390.0,2431.5,234.96,11610.0,10598.0,571297.41518985,567919.41518985,48.91640096381137,12.347147908293113,33.85257065032346,435.88100102145046,71.8261553935127,5.578357382638804,0.05286329246021393,0.013922504894231321,38.121382362955394,63.78310148487217,0.1676856263439727,0.10350705966556055,0.21907104615829837,0.1729280807026698,0.2524132533263762,0.23041134011653186,98.12962962962963,0.019880254669646245,11.04662226450999,0.9014051384561115,27.910194174757283,22544.0,6.663907774164942,0.19473432472388905,9.498409331919406,0.18592239267758148,0.10034479310141098,0.08168529654392609,0.18046898189373706,0.14947890143718512,0.13967235347186113,0.14542225730071023,0.14260221885817992,0.130698608063484,0.15220700152207,0.13205596728423719,0.12196926128558205,0.08762310691333064,0.11846454882505086,0.12105950137797983,-0.23942830326507336,-0.3903977388463844,-0.8001360544422017,HINDUNILVR
2021-06-30,32.46,681.81,3.47,914.97,183.81,37.58,,1411.32,142.35,249.3,660.24,32460736.0,10.0,3574.14,1169.52,10.22,12.28,328.87,202.76,897.27,87.53,37.53,47.66,6.11,869.89,218.1,651.79,1022.49,863.12,6.94,-1106.43,-236.37,13307.1,3.25,923.66,876.0,43195.82600256,42539.056002560006,46.05488599978348,11.901899758420209,200.55076923076922,242.2476923076923,66.35277466668713,54.93179263436661,3.7231613758834294,0.015070959805725455,265.5753846153846,50.10667693947539,0.9125260755736626,0.24623538923015317,1.2204976732521526,0.1823627502000481,0.25842860100611614,0.24509392469237357,143.37152209492635,0.004858106878351324,96.41544885177453,19.444752733801206,25.108113804004216,1500.45,6.018652226233454,0.24149026059415693,248.73775216138327,0.1905902418062686,0.1333296607202168,0.09451859168082954,0.5050106215941628,0.20277346381737815,0.090576652643654,0.425797289370504,0.13040200126079182,0.0590114345323729,0.46014601460146,0.14270240400456724,0.06420412718552715,0.5050106215941628,0.20277346381737815,0.090576652643654,0.28965680676129657,0.251943941748316,1.439681910648659,PGHH
2021-12-31,433.03,3965.59,3185.58,1481.41,5011.61,477.95,1352.24,2223.81,132.07,1066.27,24.24,433033080.0,10.0,6595.74,3205.24,76.07,258.39,252.4,748.85,971.61,33.65,36.04,399.83,156.35,681.53,192.04,489.49,108.26,867.86,-725.33,-154.79,-12.26,296.1,129.92,1237.71,837.88,12822.109498800002,15983.449498800002,12.913727366507503,2.4232989018366404,3.767626231527094,463.55332204433495,78.59059837790353,0.6387614669530522,0.04489261250443469,0.012724168292897986,6.679956896551725,44.32663332795612,0.11128262955199586,0.0498958231399028,0.110477044381741,0.07421305266732771,0.18765293962466684,0.1270335095076519,5.359002238567317,0.7242225970872683,0.3703578471122974,1.3160920342963638,49.941243280078744,3639.9599999999996,3.41373198158065,0.13157886757209958,0.27243390528569367,0.3525700048190794,0.19528992115861055,0.172252351027965,1.1617718500198735,0.13774523291791585,0.4047018607225492,0.4301346120515339,0.09058196652401507,0.10445068937226432,0.8511366900117094,0.08352809841724085,0.10713855431495944,1.1617718500198735,0.11808300471074262,0.3895441093684837,0.21582424170191827,-0.04651571801780896,0.9716482566700986,VBL
2021-12-31,96.42,1849.96,266.46,6021.29,2994.67,246.23,773.98,4219.25,165.97,1592.65,735.41,96415716.0,10.0,14740.59,5301.26,67.59,408.06,1349.48,1529.94,2902.12,-245.08,-112.38,391.02,201.68,2857.32,738.91,2118.41,1928.4,2236.0,-1920.33,-2019.97,-1704.3,1970.57,96.42,3450.02,3059.0,18999.391747812,18530.441747811998,5.371111398720007,1.2571031246247266,21.970649242895664,115.60647583488903,89.691022700988,17.045498409746518,0.13368325148450638,0.0111493878638646,23.190209500103713,84.97422155635063,1.0883845908815337,0.20210113977101543,1.382386435530811,0.1437127007806336,0.2340489763299841,0.20752222265187487,15.167592225307418,0.13690029696153883,7.369633015764515,4.9222752423472365,88.8147858046635,6991.210000000001,4.389671302546072,0.1516899934127467,8.39150341514674,0.10416156368187934,0.09289357054542458,0.1002743810436193,0.017277891693838532,0.09648918647509808,0.16167316122248376,0.030672024138497678,0.062467257981748237,0.11633734418694375,0.027554862830327487,0.06380975374739073,0.1332972636050478,0.017277891693838532,0.0964891864750983,0.16167316122248376,0.289658953195818,0.35507899771777773,0.055410525084020446,NESTLEIND
2022-03-31,27.2,1707.48,83.05,1084.1,962.97,121.84,,1817.02,224.68,357.19,754.71,271985634.0,1.0,5099.78,1664.09,-3.43,43.54,217.05,386.67,1076.72,142.18,26.1,177.3,5.89,1409.01,330.69,1078.32,1088.0,1625.73,-107.64,-1090.6,427.49,1542.25,27.2,1592.2,1414.9,41946.98440365,41275.324403650004,25.923454593424193,8.093549996990067,39.64411764705882,89.97500000000001,38.902366644409824,17.14087246457349,0.30241500613751965,0.025705376979775537,59.76948529411765,25.803300671083143,0.6216247377037839,0.2619462319358106,0.778388429524737,0.21144441524928526,0.3122095462941539,0.277443340693128,240.22071307300513,0.04787626536306408,17.90195637508433,5.295886683905001,22.697970446857752,1928.11,5.397995464598672,0.31878433971661524,19.575316074653824,0.05340802524983368,0.045506350099493,0.050736850119316834,0.04146263726711652,0.11611484925228033,0.13305153460578967,0.033909531292614314,0.0687650776520019,0.10088355081098266,0.04229896573061853,0.07308411294074157,0.10691777038158556,0.04146263726711652,0.11611484925228033,0.13305153460578967,0.06518744271270682,0.050590798553633576,-0.3000440252471691,COLPAL
2022-03-31,145.5,4746.8,605.4,3225.0,1486.6,95.7,439.0,6701.4,2302.1,2164.3,32.8,727350853.0,2.0,9423.7,3511.9,82.8,18.0,2061.0,652.8,1704.1,61.2,-109.4,288.6,88.0,1011.5,160.6,850.9,0.0,911.3,-245.7,-687.8,-22.2,888.35,72.66,1388.1,1099.5,64614.213026255005,65186.813026255004,46.96117932876234,6.917326848929295,11.710707404349023,210.8289292595651,75.85792807615466,4.213605804098616,0.09426764434351688,0.013182537743399586,12.541976328103496,70.83014484801932,0.17392637409807246,0.06482454937453337,0.19999272423013262,0.0902936214013604,0.1472988316690896,0.11667391788787843,12.494318181818182,0.1237454775872289,2.0018748197288723,6.3390959235840185,4.093523304808653,5508.099999999999,2.5449799011227645,0.09670299351634706,1.5052857614800133,0.1945064138315673,0.016183252154925,0.019707121417116502,1.7421849822752176,0.08914474173320408,0.38018412866238327,0.5700712589073635,0.007854171821088496,0.12925307484353943,0.7320415879017015,-0.031790763367444685,0.12010265186977587,1.7421849822752176,0.08914474173320408,0.38018412866238327,0.14682249526564717,-0.06136074936587832,1.3131142785302141,MCDOWELL-N
2022-03-31,26.44,3905.57,9.74,1998.96,1904.76,109.89,16.0,3910.06,1254.5,934.41,907.74,264405149.0,1.0,5831.93,1115.57,-22.89,142.02,1973.77,519.36,1181.61,181.79,29.66,216.91,14.78,492.89,127.88,365.01,277.62,899.07,-159.66,-286.43,452.98,1489.55,26.44,724.5799999999999,507.66999999999996,39384.468969295,38486.468969295,53.1155551758191,6.59926799006418,13.805219364599091,174.154447806354,107.89759732610065,8.553040239639827,0.25541287361130877,0.009268046970292432,34.004160363086235,43.80493398734247,0.0928303844598564,0.04088616371715615,0.12879304877275322,0.06258819978977799,0.12424360374695853,0.08705008462035722,34.34844384303112,0.002477104585186711,29.550570962479608,3.061766311766312,4.648808290155441,3254.2499999999995,3.4826789096863258,0.15416337301716584,92.30698151950719,0.3752184175837652,-0.03413822194062677,0.04259252788325241,2.2344705361098804,-0.13439045666955574,0.09740965891349562,0.7150634349555005,-0.1474883481408874,0.009019255135992887,1.6631170329958556,-0.17668830496500365,0.045802343597492357,2.234470536109881,-0.13439045666955574,0.09740965891349562,-0.011422023901181855,-0.1933616139502874,1.9445946018625717,UBL
2022-03-31,24.09,2378.45,2178.74,2433.55,1377.43,535.27,2024.11,3078.02,253.85,1251.64,52.29,240868296.0,1.0,13371.62,8549.72,73.96,157.2,746.19,413.56,1097.82,391.93,359.43,170.01,133.46,2145.12,541.93,1603.19,1361.08,1206.09,930.63,-2211.71,-74.99,3206.4,24.09,2448.59,2278.58,77232.01042944001,79358.46042944002,32.40986054400288,5.934842631591386,66.55002075550021,122.82183893731839,48.18030052582663,26.106106436302202,0.23979143888324675,0.020755370744604606,50.06600249066002,64.04345944332513,0.6672896184871012,0.19946773434992174,0.4973675479342018,0.11989497158908195,0.18311842544134518,0.17040418438453978,17.0731305260003,0.9068485852472798,1.0589871118415364,9.707658465402961,52.675280677565496,9379.150000000001,7.493488543031543,0.0901977471690042,0.5535722481801408,0.08020063285463985,0.08452710073334924,0.09706531415826358,-0.08911211740708957,0.12625892001342476,0.13699987969563576,-0.0739139643421759,0.09742343529482289,0.12664042892421756,-0.08019779997981635,0.09877778199844922,0.1271385647508858,-0.08911211740708957,0.1253230999564101,0.1361490432125505,0.15349805913508408,0.33923085588692636,0.258551221999902,BRITANNIA
2022-03-31,44.12,2041.84,223.51,516.41,1270.48,2.63,360.85,1191.92,193.55,328.71,55.6,441150000.0,1.0,2866.87,1028.77,51.73,21.91,41.99,284.89,603.86,40.0,122.94,327.61,3.45,689.06,-161.61,850.68,352.96,595.85,-187.9,-398.07,9.88,447.15,44.12,1020.12,692.51,19726.02225,19893.93225,19.50156084578285,6.9392516054093845,19.28105167724388,90.3992384406165,23.191162364226265,4.94639122755148,0.1559714950451189,0.043119874040576725,13.505213055303718,33.10943693882688,0.4078122303399873,0.2501183437171982,0.29985667707309466,0.2967277902381343,0.35583057480806596,0.2415561221820313,200.72753623188405,0.10714970565111506,4.4947127247092,2.2565250928782823,14.812038233014723,1040.94,3.166742721547869,0.20783990902970836,2.665876247147779,0.11020450840145757,0.04828285802116117,0.04489218042939447,0.790415254772378,0.4072618871601441,0.19686506474919763,0.07679153868076893,0.1160541497750307,0.05401037266807873,0.1813141823888642,0.18536109666585143,0.07627202827608803,0.8038068466598418,0.42063710019776623,0.2036774553586802,0.15057028744116252,0.40239670890387624,0.5100631221014247,EMAMILTD
2022-03-31,176.79,5687.08,560.18,2167.95,1399.0,128.48,5007.08,2057.44,454.55,1237.96,136.18,1767856483.0,1.0,8179.5,3444.55,28.49,85.02,1049.95,680.15,1067.18,146.64,340.87,160.39,18.67,1896.31,463.38,1432.93,919.31,1319.95,-681.7,-634.79,3.46,536.2,176.79,2075.37,1914.98,94792.46461846001,95216.46461846001,45.879271945946996,11.640866143219025,8.105266134962385,208.95856157022456,66.15452115595319,2.566059011751953,0.06555412922550279,0.01511612483208203,7.466202839527123,71.81696124853214,0.2443659221640316,0.1392247146142568,0.29809543823600376,0.1751855247875787,0.25372822299651565,0.23411944495384804,102.56989823245848,0.09553076722369357,3.585332987820679,5.846676197283774,17.994720052799472,4551.030000000001,3.676233480887913,0.16137294455651324,2.3562961905101933,0.13845614240201098,0.09247818040555189,0.09104721472949207,0.03693492246126673,0.042620094306352385,0.07495471919947971,0.1304681755045345,0.08120793390757752,0.08409123765954818,0.13148394339566893,0.07694419192706414,0.07879802147743731,0.03664165504725547,0.04230546571538274,0.07417529796172828,-0.02186410933825933,-0.08458410921690396,-0.04664593644271964,DABUR
2022-03-31,1232.33,60167.24,311.16,13381.77,23220.61,2466.18,27282.27,22123.44,1952.5,9997.77,3877.94,12323255931.0,1.0,56341.27,26798.98,566.46,864.05,1803.94,3061.99,4402.35,1082.95,2648.74,1652.15,60.53,19829.53,4771.7,15057.83,14171.8,14807.79,-1517.06,-13337.03,-46.3,250.65,1232.33,21542.21,19890.059999999998,308882.409910515,305315.629910515,14.172901940446918,5.4190406057675835,12.21899166619331,1281.1539676060795,20.51314927184063,0.1956439322186669,0.004448781505990192,0.048749218696163214,12.016091469005868,20.859528295579555,0.24524324844620246,0.17023243467575938,0.32231120908794947,0.26726110362794453,0.38235222599703556,0.35302825087187417,328.59838096811495,0.005067787934019734,57.95746455379482,2.426347542118833,28.855964148527526,28900.51,2.8906956251244025,0.26282314899894876,47.58898958735056,0.23867448548569614,0.07793900476926896,0.07048478518955825,0.1554788024260878,0.06503676495299593,0.08099772486646972,0.1467796577687681,0.02826904689424925,0.05367818990725359,0.15484583812582264,0.02440315498270329,0.05048702392707938,0.15411922807220724,0.063169602059713,0.07789396953324834,0.017395602664402432,0.04470445198281903,0.11040822688508034,ITC
2022-03-31,129.0,2920.0,199.0,1248.0,667.0,27.0,1372.0,2430.0,555.0,1093.0,295.0,1280000000.0,1.0,7500.0,4317.0,86.0,27.0,718.0,372.0,1678.0,-709.0,357.0,97.0,30.0,1413.0,250.0,1163.0,1193.25,656.0,626.0,-1267.0,15.0,503.7,129.28,1540.0,1443.0,64473.6,64377.6,41.803636363636365,8.58368,8.995977722772277,151.58663366336634,55.991690455717965,3.3228523374863244,0.06716,0.017859792977510974,5.074257425742574,99.26575609756098,0.381436536569367,0.18137866500311914,0.4442733990147783,0.15506666666666666,0.20533333333333334,0.1924,48.1,0.06526730075434568,6.724890829694323,11.244377811094452,13.513513513513514,4976.0,4.552607502287283,0.08746666666666666,3.2964824120603016,0.18352532744200722,0.07895847517812582,0.09106462274243454,0.051537070524412254,0.009939265748668324,0.06655030481190827,0.06944444444444442,0.05513009333938479,0.04796180253836879,0.08252063015753941,0.061336304976813416,0.045655857505013,0.05039833916709924,0.009444261256906561,0.06617053791046112,0.05767554262820673,0.0563547089635823,0.046708759934926514,MARICO
2022-03-31,92.16,11669.75,234.9,2229.4,6564.05,39.76,3525.7,4096.7,281.76,1271.94,1328.61,921551715.0,1.0,7932.29,4325.05,-46.4,,725.91,348.41,1099.09,276.54,211.73,141.75,29.78,1151.09,265.34,885.75,557.57,1158.32,-1064.31,-411.35,-317.34,777.4,92.16,1322.62,1180.87,71641.4303241,70547.7203241,53.33937209788148,8.893739427592788,9.611002604166668,218.78489149305557,80.88646232006772,3.5532618120693007,0.09800448546384462,0.012363008237929853,12.56857638888889,61.852669383244695,0.07530664662457033,0.05189304905570175,0.09843199983995746,0.11166384486699302,0.16673873496808614,0.14886873777938023,39.65312290127602,0.019971246166651507,4.9970530451866395,1.208444481684326,28.15264764338444,5097.36,4.0075475258266895,0.14602592693913105,4.9311196253724985,0.10873509300622275,0.3224598784293091,0.20955350098837733,0.4297590030830818,0.2917578347032521,0.2626425360114033,0.33533236410629175,0.2867646545998772,0.23573791627786767,0.36632070996332144,0.2608720631001129,0.2209128927322035,0.429759003083082,0.1385873183819868,0.17055428364868463,0.006439549967163893,-0.06616657959396433,0.3643836780339944,TATACONSUM
2022-03-31,102.26,7748.86,31.45,1000.5,1391.8,78.31,5201.0,2211.96,336.92,790.84,344.97,1022581079.0,1.0,6951.56,3389.47,-2.98,100.67,244.91,347.52,1043.66,93.81,127.39,85.61,7.87,1762.45,283.3,1479.15,0.0,961.28,-968.46,-20.37,-27.55,747.3,102.26,1855.9299999999998,1770.32,76417.48403367,76103.96403367,41.005837522789115,10.947753314891909,14.464600039115979,178.03606102092704,51.6640624683095,4.197464242438836,0.10750105012400094,0.019355814317029277,9.400352043809896,79.49702271970706,0.18839987161067467,0.14392132709445596,0.22458665130788563,0.2127795775336759,0.2669803612426563,0.2546651399110415,224.94536213468868,0.004005797898898501,47.20066124109867,4.994654404368444,20.63267244449721,3738.0299999999997,4.726657731020181,0.13828263008590877,30.565341812400636,0.11147956695601291,0.06970058560755832,0.07923030055581926,0.20812029338255722,-0.05540273864862133,0.11776873458553538,0.09037018759069615,0.04917436541674669,0.09114529375795688,0.09364748908094622,0.04802295315957994,0.0913992039198015,0.20800215136286404,-0.05552591753263525,0.11759378935888876,-0.005662896385933425,-0.1913281699342012,-0.02145752360523201,GODREJCP
2022-03-31,26.73,1960.07,201.57,555.13,820.6,30.28,135.4,1757.22,755.76,539.25,108.89,133673765.0,2.0,2859.28,845.05,3.95,54.9,798.92,141.45,499.4,121.03,11.0,64.88,13.35,335.25,83.09,252.16,40.1,220.79,-108.1,-133.8,-21.11,887.95,13.37,413.48,348.6,11869.561963175,11962.241963175,28.930642263652413,4.183655312937173,18.860134629768137,173.33209424083768,47.08078799175127,5.122825082619903,0.3105502084440838,0.021240086299643152,16.513836948391923,53.77005978531636,0.1269176565331186,0.0612466967200373,0.1592966454484388,0.08819003385467669,0.14460983184577936,0.12191880473405892,26.1123595505618,0.10145460036239179,1.9238786525218687,3.484377284913478,3.7833174552768076,1694.9199999999998,3.1431061659712562,0.0772187403821941,1.0953514907972417,0.20436883184714993,0.11485608221092858,0.11526058121516147,-0.06800709639266711,0.10270646642565451,0.2578859707878436,-0.03691798849369943,0.04338139276142172,0.12321601167722696,-0.07146472045387953,0.027257807275369528,0.1295539347842376,-0.06870417410665919,0.10188108702561993,0.256566045559838,0.10298247333667332,-0.03902848079344712,-0.1725678061843291,RADICO
2022-03-31,235.0,48525.0,971.0,20006.0,51034.0,901.0,4122.0,13680.0,1932.0,3890.0,3618.0,2349591262.0,1.0,51193.0,22398.0,19.0,277.0,3329.0,2399.0,8046.0,2260.0,359.0,1025.0,98.0,11739.0,2921.0,8818.0,7990.0,8964.0,-1732.0,-7984.0,-752.0,2048.65,234.96,12862.0,11837.0,481349.01388963,478702.01388963,37.21831860438734,9.350927155853926,37.5297923050732,441.5245148110316,54.58729916080745,4.639946211994148,0.04001816654620749,0.01831927967445547,38.1511746680286,53.698215528781795,0.18084495488105004,0.1126526649292248,0.23802055056202368,0.17225011232004375,0.25124528744164243,0.23122301877209775,120.78571428571429,0.019913863822805578,12.03180542563143,1.0031155700121488,26.497412008281575,25985.0,6.679948586118252,0.17510206473541304,9.231719876416065,0.11298808592051479,0.10227887109701994,0.09928730423853471,0.10862459140055325,0.13468057772786413,0.14452359597149878,0.10783807062876827,0.1233193589223387,0.1354846698670802,0.1169088507265521,0.11453020874307662,0.1302340500971504,0.10862459140055325,0.10409950626965858,0.1258731337981649,-0.2353530674294494,-0.38777685314628196,0.07847618680258073,HINDUNILVR
2022-06-30,32.46,705.11,5.1,939.9,163.68,43.88,,1475.01,192.08,234.02,639.25,32460736.0,10.0,3900.92,1565.79,6.5,12.17,265.86,215.47,929.59,86.89,22.56,52.88,11.19,790.14,214.39,575.75,519.36,573.1,-26.85,-568.94,-22.69,13369.15,3.25,854.21,801.33,43397.24486943999,42763.09486943999,50.061571357675504,10.962310139515804,177.15384615384616,249.4169230769231,75.46632653061224,53.60161546005761,3.4271787168155203,0.013250943115594197,176.33846153846156,75.81528092828475,0.7806038748864514,0.21292214612209878,1.078985282830867,0.1475933882263671,0.21897654912174563,0.20542077253570953,71.6112600536193,0.006914597936467046,52.43769183548189,23.83260019550342,20.308829654310703,1837.3200000000002,7.851123835569609,0.14691406129836038,112.37254901960786,0.09142898711298386,0.09800168003258514,0.10948347327509333,-0.11666334248761101,0.1116337737784896,0.05877429368960607,-0.07519000498018746,0.0883617193696784,0.028585372241710205,-0.08523972602739727,0.09352450451948924,0.03271672519715496,-0.11666334248761101,0.1116337737784896,0.05877429368960607,-0.010399965180254434,0.19185887479057961,-0.14456814355061343,PGHH
2022-12-31,96.42,2362.75,270.52,6249.05,3043.7,358.36,777.54,4799.14,191.89,1928.77,945.55,96415716.0,10.0,16896.96,6660.42,250.27,572.61,1603.48,1635.46,3192.15,-223.18,107.26,403.01,154.57,3255.97,865.45,2390.52,2121.24,2737.43,-391.73,-2122.74,222.96,1960.6,96.42,3813.55,3410.54,18903.26527896,18228.23527896,4.779860046140735,1.07878785763593,24.79278158058494,120.92477079444099,79.07946890216354,16.213386117000027,0.11603270647501089,0.012645507283782996,28.39068657954781,69.05785791782803,0.9720840771479808,0.20455239723477933,1.2494239272591392,0.1414763365717857,0.22569444444444448,0.2018434085184554,22.064695607168275,0.1100045950462961,8.971159048672046,5.551453822650064,88.05544843399865,8586.24,4.451666087713932,0.1620072486411757,10.119140913795652,0.14628790299438488,0.10958139453256943,0.11039723238715049,0.12845011116828187,0.0668992257785308,0.14303041733225186,0.10537040364983397,0.06323861508241069,0.1089930067770799,0.11491990846681932,0.06762850352891636,0.12046728050490496,0.12845011116828187,0.0668992257785308,0.14303041733225186,0.22101298223505705,-0.017779335201478896,-0.10685608259058099,NESTLEIND
2022-12-31,649.55,4867.85,3594.96,1956.58,5751.87,539.95,1354.32,3422.8,150.24,1426.15,47.49,649549620.0,10.0,10595.83,5579.49,302.35,388.97,388.08,939.03,1333.44,44.81,99.39,483.13,156.12,1684.5,414.3,1270.2,227.34,1558.79,-1509.31,-26.23,23.24,661.28,129.91,2323.75,1840.62,42953.41727136,46500.88727136,20.01114029967079,4.388602617384386,9.777538295743208,687.0209414209837,67.63256558022358,0.962532522854772,0.0624094573053739,0.014785776517879276,11.998999307212685,55.11126245356976,0.23021713125747634,0.10451852113945102,0.20199158066625986,0.11987734797557152,0.2193079730422251,0.17371173376696303,11.789777094542659,0.6515677674266864,0.6194882540495005,1.8421539429785443,70.52602502662407,6054.19,4.2451284927952875,0.14711353428660143,0.433604268197699,0.606465688459521,0.23569529220892305,0.2817674077927286,1.5949457598725205,0.414774040693592,0.4006814092701867,0.8774591786444319,0.212654881463894,0.24711650971624,1.1967584857020097,0.261939959507379,0.29951931648575236,1.595145509372934,0.41481034115136683,0.3860384576757707,0.17548503964591267,0.2567188864846366,1.0687607058198543,VBL
2023-03-31,44.12,2219.58,20.53,467.14,1088.2,1.7,391.56,1269.91,259.7,292.09,95.8,441150000.0,1.0,2906.83,1014.69,-33.12,21.48,48.45,303.85,635.69,72.11,48.0,215.38,3.73,606.33,32.83,573.5,352.96,730.96,-105.59,-612.17,13.2,358.55,44.12,825.44,610.0600000000001,15817.43325,15742.163250000001,19.07123867270789,5.415577536354036,12.998640072529465,94.42779691749773,27.58365475152572,3.7970810683348657,0.12334742657809367,0.03625335398836833,16.567543064369904,21.641712268797193,0.25334629146971777,0.1688125136139124,0.26707468162137793,0.19729395939907046,0.2839656945882628,0.20987123429990748,163.5549597855228,0.009069222953571588,34.024732069249794,2.671227715493475,11.193030419715056,1117.74,3.826697250847342,0.2514629338489007,35.60448124695567,0.013938546219396164,0.06744479366983569,0.04309293533604963,-0.32583345088634974,0.25646895466467323,0.1312769571075676,-0.19084029329882757,0.06524935260545761,0.025523067376418185,-0.11905965256819384,0.19581904278591034,0.0762910482678818,-0.32583345088634974,0.26841096780176743,0.13771602926892146,0.10040629859049632,0.1644756215089871,-0.3787673036227812,EMAMILTD
2023-03-31,129.0,3548.0,166.0,1246.0,704.0,32.0,1825.0,2528.0,838.0,895.0,149.0,1290000000.0,1.0,7478.0,3786.0,-176.0,29.0,760.0,409.0,1897.0,-888.0,328.0,109.0,36.0,1492.0,313.0,1179.0,580.5,1002.0,-346.0,-676.0,-20.0,479.8,129.31,1637.0,1528.0,61894.2,61911.2,37.819914477703115,8.279112062048675,9.117624313664836,156.4379398345062,52.62335708227312,3.0670309293741314,0.06416154051885531,0.019002968557033838,7.748820663521769,61.9190998003992,0.32064182757682896,0.16990920881971466,0.3976060369502992,0.15766247659802085,0.2189087991441562,0.2043327092805563,42.44444444444444,0.04514549904813707,8.103960396039604,10.622159090909092,8.9236276849642,4751.0,5.308379888268156,0.1339930462690559,6.036144578313253,-0.0029333333333333433,0.08509803970125884,0.07661142328420434,0.013757523645743674,0.05396966542459847,0.10427660700712171,0.06298701298701292,0.05176373937739509,0.09730323845836897,0.058905058905058816,0.05697088850736054,0.09695713284098306,0.013522331273078114,0.05339880585316026,0.1039006015128805,0.06312034714268489,-0.027560410796460322,-0.1593835491988379,MARICO
2023-03-31,26.44,3934.82,15.62,2294.35,1843.12,77.08,15.7,4335.33,1407.07,1425.97,394.95,264405149.0,1.0,7491.71,1686.34,51.4,219.34,2894.82,591.44,1353.05,183.86,16.15,210.32,4.64,415.45,111.99,303.46,198.3,-120.65,-120.45,-291.76,-532.86,1424.45,26.44,630.41,420.09,37663.191449305,37283.861449305004,59.14224306293524,4.976682419541734,11.477307110438728,175.26072617246595,124.11012324523827,8.127605260509219,0.1901368312441352,0.008057360462240674,-4.5631618759455375,-312.16293410692083,0.07660693819643244,0.032207120675345514,0.10563305908149101,0.040506106082589956,0.0841476778999721,0.05607398043971269,90.53663793103448,0.0039431897931466245,31.115992102665352,4.06468922262251,5.324333544173354,4749.1,3.3304347216280847,-0.016104467471378364,-7.7240717029449435,0.28460218143907756,0.048225129744558615,0.05884918866701927,-0.16862551710912033,-0.10776366737093201,-0.05087535400920573,-0.12996494520963864,-0.10641224678491013,-0.07161572152336282,-0.1725136407508815,-0.1113111702272741,-0.08485651393925853,-0.16862551710912033,-0.10776366737093201,-0.05087535400920573,-0.12167150203752064,-0.14237091988454065,-0.17476439807743804,UBL
2023-03-31,145.5,5799.0,183.3,3443.6,1207.4,82.8,461.7,7819.5,2382.8,2230.0,849.6,727350853.0,2.0,10373.7,4361.0,129.4,16.6,2017.4,610.0,2026.2,65.2,257.1,270.6,103.9,1289.3,237.6,1051.7,0.0,576.6,-21.3,-500.9,54.4,756.3,72.74,1663.8000000000002,1393.2,55009.54501239,54343.245012390005,32.66212586391994,5.238559531545158,14.45834478966181,225.2222985977454,52.30889226965864,3.358015634814105,0.07290552069174931,0.019117208501470067,7.926862799010174,95.40975026014566,0.17691984187063672,0.07034312086148083,0.22735728972877706,0.10138137790759323,0.16038636166459413,0.13430116544723675,13.409047160731472,0.03083522583901085,5.793175487465181,8.591767434156038,4.353575625314756,6265.6,2.8096860986547085,0.05558286821481246,3.1456628477905073,0.1008096607489628,0.04498230050473162,0.04891733393630049,0.23598542719473503,0.14277974483787048,0.13364607837927878,0.19861681435055134,0.023259715158011174,0.06006619768438792,0.26712141882673945,0.016768695297192604,0.04691258615389304,0.23462608111038552,0.14236064523309455,0.133396610108786,-0.04638219595590676,-0.014732063860152356,0.017211120441551486,MCDOWELL-N
2023-03-31,24.09,3157.06,2663.71,2793.6,2293.46,104.47,3323.65,2916.88,278.42,1074.62,63.85,240868296.0,1.0,15618.42,9537.51,82.13,198.92,881.89,520.55,1356.82,463.07,448.33,195.1,154.95,2840.07,700.77,2139.3,1734.48,2442.05,-1386.44,-1047.82,7.79,4322.15,24.09,3190.12,2995.02,104106.89055563998,106706.75055563998,33.44913374908781,6.832109173376051,88.80448318804484,155.1427189705272,48.670403169260965,27.859186874384275,0.27673413828031257,0.020546367707748425,101.3719385637194,42.63655269138633,0.6724926520283545,0.21498601128744388,0.5124194591487221,0.1369728820200763,0.20425369531617155,0.1917620348281068,19.32894482090997,0.8373418417867752,1.1317860259839783,6.809981425444525,56.096616622369076,10536.19,9.804572779214979,0.15635704507882361,0.9167852356300048,0.16802750900788377,0.12440700009061212,0.10915673075106191,0.33440203594084306,0.12957915109032303,0.17680024440010977,0.30283959339864963,0.1450062407461017,0.15286993749171773,0.3144238955840919,0.14919219292021424,0.1566640859721664,0.33440203594084306,0.12895360526055688,0.1760176015963819,0.18077811443074254,0.24649002022078847,0.007797264331865117,BRITANNIA
2023-03-31,102.27,9283.75,65.9,1109.46,1522.59,25.39,7407.8,1605.6,320.79,591.6,50.47,1022695318.0,1.0,7667.17,3662.04,-65.47,122.37,234.33,372.19,1232.05,109.95,111.89,107.99,3.07,1869.6,355.9,1513.7,0.0,1976.99,-2003.75,9.22,-17.54,968.15,102.27,1980.6599999999999,1872.6699999999998,99012.24721217,99027.67721216999,49.99731261911181,12.915805598698084,14.80101691600665,193.04686516084874,65.41104611217546,5.015103452694386,0.12627214474180173,0.01528793773279621,19.331084384472476,50.08254998760742,0.16127176375076976,0.1316392508816099,0.1981258834183954,0.1974261689776019,0.25832999659587563,0.24424526911494068,609.9902280130293,0.007021080287491397,28.717703349282296,5.035610374427785,23.9009009009009,4084.2099999999996,6.903668018931709,0.25785133236904884,29.999848254931713,0.1029423611390825,0.11883196688765585,0.07823401403808505,0.02335800966771462,0.08659098328110248,0.08647379169038727,0.06720619850964216,0.08774373934643998,0.0712138828251263,0.0578144064349948,0.08711202042040767,0.06908681262917238,0.023257945327275875,0.08644930176131926,0.08632502079727011,-0.05625141239977394,-0.11173159262185606,-0.14399217806243902,GODREJCP
2023-03-31,177.18,6109.7,615.46,2450.1,1661.97,109.43,5475.05,2105.99,561.18,1223.77,33.4,1767856483.0,1.0,8684.35,3797.74,24.98,93.32,1199.1,727.39,1019.87,171.1,362.52,188.29,46.37,1828.67,455.41,1373.26,921.34,1561.91,-617.2,-939.83,4.88,544.9,177.18,2063.33,1875.04,96330.49975866999,96912.55975867,46.96900629500371,11.159448865910518,7.7506490574556945,211.66301162659443,70.30378952274151,2.574375162729358,0.062745052882484,0.014223984322730216,8.815385483688903,61.81238483651427,0.21843267248619347,0.12414929086477611,0.27165280180344636,0.15813043002642685,0.2375917598899169,0.2159102293205594,40.436489109337934,0.09789593566284072,3.117613284378163,5.225334994013129,15.475159485370115,5065.18,4.138996706897538,0.1798534144754645,2.537792870373379,0.0617213766122624,0.11234773502058637,0.09201732039546662,-0.0416419504093013,0.054740616201232495,0.050769711696298625,-0.005801375176474499,0.09824123449762512,0.06620131120816053,-0.020856614690492825,0.0951000613688342,0.06092826657701789,-0.04375144154453303,0.05380716421076559,0.04954517360742705,-0.02943621040751121,-0.05134868605900289,-0.10612465702329121,DABUR
2023-03-31,1242.8,66351.0,324.67,14343.27,24174.11,1696.6,32720.62,23670.41,2321.33,10593.9,3831.26,12428017741.0,1.0,66043.27,28919.68,39.5,1199.84,2213.79,3569.46,4933.92,1264.96,2505.6,1662.73,73.58,24750.41,5997.1,18753.31,19263.4,17911.7,-5159.37,-12730.43,21.9,383.5,1242.8,26486.72,24823.99,476614.48036735,473107.89036734996,17.862079199211905,7.163604866436049,15.089563887994853,1296.1883167042163,25.41491608681347,0.29586750247457505,0.00580679908793129,0.039346972328539384,14.412375281622145,26.609076748717317,0.2774412741997047,0.19271396440487126,0.36549689649958256,0.2839548980539577,0.40105100792253323,0.37587463491738066,337.37415058439797,0.004803251185759641,66.50777150031388,2.7319835145947464,28.450616672338704,32293.81,3.048340082500307,0.2712115859799189,55.16894077062864,0.17220059114748398,0.13125031841063572,0.10209359461880352,0.24541916066259217,0.07404330678087656,0.10813292566369292,0.22952658989026675,0.08371499540070726,0.07904093053757921,0.24806008629436027,0.08851470422738106,0.0791516780420436,0.23492709547741586,0.07011696895303232,0.10411468253218392,0.04906700703397493,0.05482101524274374,0.1312901617373794,ITC
2023-03-31,92.9,12660.36,276.61,2562.67,6549.55,22.34,4835.64,4185.01,341.65,1400.6,1247.78,929011650.0,1.0,8538.82,4721.71,122.27,,809.02,394.02,1112.0,301.43,119.72,145.9,29.36,1267.37,317.3,950.07,785.0,1019.27,-601.34,-567.8,-149.87,708.85,92.9,1442.6299999999999,1296.7299999999998,65852.99081025,64881.82081025001,44.974678753561214,7.59845280849696,10.22680301399354,229.1794402583423,69.31296115023105,3.092991235169043,0.08301498333493387,0.014427316095074473,10.971689989235736,64.60718455365115,0.07449624644992732,0.051188482039285076,0.09951979566948863,0.11126478834312002,0.16894957382870232,0.1518629037735893,44.16655313351498,0.02168935629007799,4.714939373141156,1.303726210197647,24.992887457924777,5408.459999999999,3.8615307725260597,0.11936895261874592,3.684863164744586,0.07646341724773054,0.14486890020541887,0.21557209009135447,0.07261642675698576,0.21974368609046246,0.12199477601845765,0.09073656832650356,0.18363706991728979,0.13547073926412634,0.09811410231439521,0.19749587921318246,0.1195984091516018,0.06407244230273168,0.2164964037537236,0.03850197809086309,-0.10093291254045855,0.15577036245317455,-0.010761336627869489,TATACONSUM
2023-03-31,26.73,2125.28,753.64,762.25,1213.03,326.94,135.4,1992.53,824.06,720.12,130.77,133673765.0,2.0,3133.46,996.02,96.27,79.91,993.8,169.09,497.47,134.68,9.39,70.9,22.47,274.78,70.36,204.42,40.1,223.83,-684.1,481.83,21.56,1194.6,13.37,368.15,297.25,15968.6679669,16591.5379669,45.06733116093984,5.294957640084762,15.289454001495887,185.6888631264024,78.13228646903433,6.433342204194605,0.3812399073228954,0.012798806296246348,16.74121166791324,71.35684224634765,0.09499026491512584,0.040754319754541045,0.10230069003493195,0.06523778825962354,0.11748993125809806,0.09486318638182711,13.228749443702716,0.3502028336299552,0.47435286235198615,2.583167769964469,3.8024658398660294,1973.46,2.740459923346109,0.07143221869754202,0.2969985669550449,0.09589127332755099,0.09377038584540887,0.11766500035476812,-0.1893242385786802,-0.035029594346528525,0.10613073020312225,-0.10963045370997393,0.010191113951627306,0.04404215609582196,-0.14730349971313828,-0.008098057434615336,0.03042670195623942,-0.18932423857868008,-0.03551099647464051,0.10546807839878314,-0.025504252576970088,-0.14052965391410976,-0.25155988922361994,RADICO
2023-03-31,235.0,49986.0,1039.0,20565.0,51405.0,1020.0,3794.0,15606.0,2735.0,4031.0,4422.0,2349591262.0,1.0,59144.0,28042.0,53.0,325.0,3705.0,2665.0,8674.0,2154.0,578.0,1030.0,101.0,13079.0,3117.0,9962.0,9165.0,9626.0,-1062.0,-8966.0,-402.0,2560.35,234.96,14210.0,13180.0,601577.59876617,598194.59876617,42.09673460704926,10.114205984819593,42.398706162751104,447.7425944841675,60.387455932543666,5.718352534562212,0.04329010550520763,0.016559730569160897,40.968675519237316,62.49530812383129,0.19836323450349455,0.12149817667361848,0.2571205618415919,0.16843635871770593,0.24026105775733803,0.22284593534424454,130.4950495049505,0.020688556579916768,12.464912280701755,1.1505495574360471,21.62486288848263,32019.0,7.9431902753659145,0.16275530907615313,9.264677574590953,0.15531420311370692,0.15101848716237698,0.11366712893351294,0.12973463370378768,0.13921364186497853,0.1372417440530196,0.1048048515005442,0.11920375528893823,0.12794885961386293,0.11345780180789045,0.12738954151970971,0.12527595259653856,0.12973463370378768,0.10852746785300127,0.11873061744752245,-0.2315404532388421,-0.3816515637353868,0.09686905357114917,HINDUNILVR
2023-03-31,27.2,1689.19,68.96,1097.64,861.8,114.08,,1907.11,157.37,335.45,923.0,271985634.0,1.0,5226.2,1790.26,-3.92,47.44,225.88,378.75,1089.1,143.83,42.37,174.8,4.91,1409.68,362.53,1047.15,1060.8,1176.26,-7.55,-1086.73,81.99,1507.35,27.2,1589.39,1414.5900000000001,40997.75454099,40143.71454099,25.257309119215545,7.681243454324365,38.498161764705884,89.30257352941177,39.15381750465549,16.87913282256703,0.28842179786460526,0.025540293737158513,43.24485294117647,34.85617125465458,0.6100886162235856,0.2502311977116804,0.79233203573529,0.20036546630438945,0.30411962802801273,0.27067276414986036,288.10386965376784,0.040177348970805,21.51604169486937,6.0642840566256675,33.20963334816038,2067.5,6.1633626471903415,0.2250698404194252,17.057134570765662,0.024789304636670506,0.049187854869739533,0.04528927091025636,-0.028906076118406232,0.08648288247157665,0.0923228701740404,-0.0017648536616002852,0.08309607003078945,0.06880919249283535,-0.0002190967559544399,0.10340975824458631,0.07550581380543075,-0.028906076118406343,0.08648288247157665,0.0923228701740404,0.06674246613504642,0.06005451258749828,-0.0185580154400089,COLPAL
2023-06-30,32.46,913.57,4.03,1187.26,170.04,22.76,,1944.52,216.28,219.8,977.99,32460736.0,10.0,3917.9,1671.56,8.53,12.57,175.11,207.08,884.34,106.31,39.75,58.36,11.38,839.47,161.33,678.14,600.51,825.77,-9.91,-477.01,338.85,14324.45,3.25,909.21,850.85,46498.21897952,45524.258979520004,50.07012569100648,11.619556134541464,208.65846153846152,313.55846153846153,68.65022340519657,45.683506449539536,3.656155083080222,0.014566594985389423,254.08307692307693,56.37703295106385,0.7168271619293256,0.19218223503172618,0.895575016314759,0.17308762347175782,0.23206564741315502,0.21716991245309988,74.7671353251318,0.004259907191103876,59.00129785853342,23.04104916490238,18.114943591640465,1850.7099999999998,8.419972702456777,0.2107685239541591,204.90570719602977,0.004352819334926039,0.09281849192582792,0.09796908075331556,0.17783760312635688,0.161226873711801,0.12603693637848212,0.06438697744114452,0.11961820284118452,0.07292697456837227,0.061797262051838775,0.12352238096904355,0.07703462156035257,0.17783760312635688,0.161226873711801,0.12603693637848212,0.09039729066056701,0.24213116586184902,-0.08170176322325196,PGHH
